4082 6300
842 385 936 444 athen
955 381 1095 443 rtlttttc‘s
1741 383 1775 438 85

960 593 962 598 Ι
995 519 1065 580 dem
1082 519 1317 599 congregatione
1331 519 1496 582 manebant
1511 517 1582 580 boui
1609 520 1639 579 ct
1666 517 1749 580 mali.
1767 517 1852 592 Quod

426 599 543 664 ChlUl'
558 600 610 663 lli.
994 609 1207 680 argumentum
1219 604 1305 666 ratde
1322 609 1410 684 urget
1426 649 1434 678 ,
1452 607 1483 664 et
1497 602 1604 664 merito
1634 617 1660 662 s.
1676 601 1805 682 August.
1821 600 1851 664 iu

993 683 1163 754 breviculo,
1179 685 1342 747 collatione
1357 685 1457 748 tertia.

304 761 347 826 ilc
358 767 487 846 unapars
496 765 730 846 peccatoribus.
1039 767 1187 829 Probatur
1208 769 1345 834 secundo
1372 785 1408 830 ex
1433 763 1608 830 testimonia
1633 763 1790 828 Ecclesiae
1806 779 1853 829 ca·

338 866 341 876 ·
995 848 1138 924 inuitare,
1155 863 1234 928 qrrae
1249 859 1313 912 crat
1324 859 1461 930 tempore
1475 849 1681 924 hhugustioi.
1695 847 1802 910 Beatus
1818 848 1854 910 h·

122 923 190 991 lam
206 943 279 992 reru
290 928 322 990 in
333 945 394 992 una
409 947 479 992 uera
494 935 524 993 et
545 931 695 994 catholica
718 932 828 996 Christi
846 933 949 996 Eccle·
996 933 1140 1010 gusttuus
1156 933 1237 993 enirn
1252 933 1284 994 in
1301 933 1458 1000 breviculo
1477 932 1673 995 collationum
1689 930 1781 994 relert
1793 931 1854 993 coi·

81 1007 127 1072 sia
143 1029 207 1076 non
223 1012 546 1090 solumintperiectos,
576 1015 740 1078 sedetiam
755 1033 861 1094 graues
879 1023 950 1094 pec·
995 1011 1140 1076 lationem
1155 1007 1582 1096 celeberrimum-Earthagine
1611 1013 1741 1075 habitam
1774 1014 1854 1076 iuter

81 1099 204 1157 catores
220 1101 338 1170 essaei
352 1098 523 1158 nonsoturo
546 1100 695 1173 occultos,
711 1099 765 1160 scd
781 1099 871 1162 etlam
887 1116 950 1160 ma·
995 1095 1067 1158 eoo.
1084 1097 1249 1176 episcopos
1263 1098 1442 1167 catholicos,
1459 1110 1589 1176 auorum
1605 1105 1684 1158 unus
1699 1100 1767 1174 ipse
1779 1102 1854 1172 crat,

83 1177 227 1244 aitestos,
244 1184 348 1240 cauam
365 1193 499 1241 errorem
514 1179 757 1253 novatianorum,
781 1182 951 1244 Donatista·
996 1185 1027 1241 et
1041 1177 1112 1242 2116.
1125 1181 1290 1260 episcopos
1305 1180 1488 1243 Donatistas.
1504 1173 1559 1241 'lot
1574 1179 1655 1240 cuim
1667 1179 1762 1240 tuisse
1778 1179 1855 1241 iadi-

82 1275 150 1320 rum
168 1267 200 1322 et
213 1259 534 1332 contessionistarum,
544 1263 689 1340 probatur
704 1264 801 1326 t’rimo
817 1282 854 1328 cx
867 1281 951 1343 pura⁴
996 1267 1046 1326 cat
1059 1263 1250 1341 Augustinus
1265 1264 1296 1324 in
1311 1263 1475 1326 collatione
1503 1262 1619 1339 primae
1649 1260 1722 1324 dici.
1739 1261 1856 1326 Deinde

81 1342 165 1404 hoiis
180 1343 408 1422 evangeliorum
430 1343 469 1406 de
492 1357 573 1418 arca,
601 1346 641 1409 de
663 1346 719 1408 reti
734 1392 742 1417 ,
759 1349 797 1408 de
813 1350 951 1410 conuiuio
996 1347 1027 1406 in
1041 1345 1204 1408 collatione
1222 1347 1327 1409 tertiae
1343 1347 1402 1410 diei
1421 1343 1533 1419 reteri,
1551 1343 1722 1406 Donatistae
1734 1351 1856 1406 coactos

83 1425 229 1504 nuptiali,
261 1425 301 1488 dc
323 1429 431 1488 decem
454 1426 623 1504 virginibus
646 1435 677 1490 et
697 1431 735 1490 de
751 1427 822 1492 uuiti
836 1476 844 1502 ,
859 1443 952 1509 supra
995 1427 1094 1494 lateri,
1113 1428 1228 1490 esseio
1246 1421 1383 1490 Ecclesia
1399 1423 1498 1491 bonos
1521 1423 1687 1501 etmarias,
1708 1426 1856 1506 prolator

81 1507 196 1584 citatis,
215 1509 329 1588 quibus
342 1509 483 1571 catholici
500 1511 538 1570 ita
554 1510 748 1573 confutarunt
763 1513 835 1574 otim
852 1514 949 1578 burra·
997 1504 1156 1574 catholicis
1170 1511 1220 1572 itta
1237 1511 1380 1589 parabola
1396 1511 1435 1572 de
1448 1509 1624 1590 reti‚pisres
1637 1509 1736 1570 honos
1752 1517 1781 1572 et
1796 1527 1857 1571 ma·

83 1590 184 1665 listas,
202 1599 236 1653 ut
248 1593 341 1668 plane
355 1608 416 1654 uon
429 1592 602 1654 torcaeriot
621 1591 792 1658 ullomodo
814 1611 872 1672 uua
887 1601 948 1658 esi·
998 1595 1045 1654 los
1062 1601 1281 1674 congregante:
1309 1595 1363 1655 sed
1390 1593 1505 1656 dixisse
1534 1592 1634 1653 adhuc
1661 1591 1857 1666 bonatistas,

82 1679 165 1746 rent,
182 1680 215 1736 ut
230 1673 416 1747 Augustinus
428 1673 521 1736 relert
535 1676 566 1736 in
588 1676 743 1740 breviculo
755 1677 926 1742 collationis
942 1725 951 1754 ,
998 1681 1113 1736 aarum
1129 1678 1267 1739 occultos
1281 1677 1378 1740 malos
1407 1693 1478 1738 csse
1504 1675 1533 1738 io
1550 1673 1689 1736 Ecclesia
1707 1684 1716 1750 3
1732 1675 1811 1736 sicut
1826 1675 1857 1738 in

83 1756 245 1830 explicans
258 1756 452 1818 collationem
470 1758 575 1820 tertiae
591 1759 664 1820 diei.
998 1759 1067 1830 reti,
1085 1757 1156 1821 dum
1170 1768 1217 1821 cst
1232 1760 1262 1821 io
1279 1759 1365 1835 mari,
1390 1773 1452 1820 noa
1468 1757 1711 1821 discernuotdra
1726 1757 1858 1836 piscato-

124 1839 284 1902 Praeterea
297 1847 369 1900 suot
384 1839 441 1901 clia
456 1842 522 1900 ioca
538 1840 751 1919 apertissima,
777 1841 881 1906 llotth
900 1843 951 1908 18.
998 1841 1086 1906 ribus
1101 1841 1203 1919 pisces
1218 1837 1319 1906 boola
1336 1841 1435 1912 malis,
1452 1841 1506 1903 sed
1523 1841 1553 1901 io
1570 1839 1668 1900 littore
1681 1839 1859 1902 discernun-

84 1919 121 1984 ss·
133 1923 318 2001 peccauerit
330 1923 369 1986 ia
383 1929 411 1984 te
425 1923 528 1999 tiator
542 1929 626 1998 turs,
642 1925 726 1988 uude
740 1925 865 2004 coaaapc
880 1941 955 1990 eam
998 1923 1058 1997 tur,
1073 1929 1104 1986 ut
1117 1939 1189 1987 mox
1204 1925 1442 2006 separantur.ld
1457 1925 1514 1985 hoo
1527 1930 1627 1984 autom
1645 1909 1719 1984 dicit
1731 1937 1860 2000 respoa⁴

83 2011 143 2066 etc,
158 2005 191 2068 oi
203 2021 256 2068 eos
269 2021 341 2069 oua
355 2005 508 2070 audierit.
526 2007 582 2069 dic
596 2007 768 2080 Ecclesiae,
799 2010 828 2071 si
848 2009 954 2072 Eccic·
999 2005 1083 2068 disse
1099 2007 1290 2081 catholicos,
1316 2013 1478 2087 propterea
1504 2005 1674 2068 Ecclesiam
1704 2021 1858 2084 comparu-

81 2089 171 2149 aium
183 2103 254 2152 oon
268 2088 649 2162 pentacontarchae
674 2091 820 2154 ethnicus
845 2097 874 2154 et
895 2107 943 2170 pa
999 2092 1059 2150 tam
1075 2079 1165 2150 etlam
1182 2103 1253 2154 esse
1269 2105 1370 2165 areae,
1387 2091 1418 2152 in
1434 2103 1492 2168 qua
1519 2085 1738 2152 discernuntur
1751 2087 1860 2168 paleae

82 2170 245 2233 bimanus.
263 2171 320 2232 llic
336 2171 439 2247 negari
457 2187 515 2232 noo
533 2178 643 2250 potest,
661 2173 733 2252 quia
750 2175 900 2236 serrnosit
915 2175 955 2238 de
1000 2187 1015 2230 o
1038 2170 1203 2247 tramenta,
1219 2173 1313 2236 immo
1328 2173 1426 2254 magis
1441 2176 1588 2252 apparent
1616 2169 1747 2250 paleae,
1769 2185 1859 2252 quum

83 2267 155 2315 rera
169 2253 330 2316 Ecclesia:
353 2255 424 2315 ituro
441 2251 579 2316 Christus
604 2253 740 2335 loquitur
754 2257 792 2320 de
816 2255 954 2320 Ecclesia
989 2249 1160 2330 irumeptu:
1176 2263 1207 2320 et
1222 2257 1311 2319 etiam
1327 2267 1416 2318 arcae
1435 2251 1513 2326 'ttae
1531 2253 1562 2316 in
1592 2255 1651 2332 <111⁰
1680 2252 1770 2316 etiam
1791 2255 1863 2332 90⁵2

83 2351 153 2398 sua.
171 2342 203 2398 et
218 2331 249 2398 in
266 2337 324 2398 bac
341 2336 478 2398 Ecclesia
492 2340 610 2398 constat
622 2337 750 2400 inveniri
764 2345 952 2416 peccatores,
1000 2349 1160 2416 egressum
1177 2339 1271 2408 carri,
1284 2351 1346 2418 quo
1360 2334 1572 2417 significantur
1584 2324 1743 2409 haeretici,
1760 2335 1860 2398 adbuc

83 2424 114 2478 et
132 2415 210 2480 talos
225 2423 416 2498 peccatores.
435 2419 486 2496 qui
498 2433 592 2497 sacpe
608 2435 669 2482 ooo
686 2422 887 2483 emcndantur
900 2439 956 2499 par
999 2427 1214 2484 remanserunt
1228 2421 1326 2501 palam
1342 2420 1483 2484 animalia
1498 2419 1609 2481 munda
1626 2425 1656 2480 et
1669 2416 1840 2480 immunda.

83 2501 314 2581 correptionem
326 2501 498 2570 fraternum,
517 2515 574 2563 nec
588 2501 678 2564 etiarn
708 2503 854 2568 adhibitis
877 2507 954 2567 duo-
1042 2501 1132 2565 hddit
1146 2503 1235 2566 etiam
1251 2501 1535 2584 Augustinusquod
1551 2517 1620 2564 cum
1639 2499 1861 2563 calumniarew

85 2583 146 2644 bus
163 2584 319 2646 testibus:
336 2591 367 2647 et
381 2591 483 2646 tornea
499 2584 531 2645 io
546 2583 684 2647 Ecclesia
701 2591 837 2660 manent,
853 2588 955 2650 donec
999 2587 1048 2648 tur
1063 2585 1248 2661 Donatistae,
1279 2586 1446 2648 catholicos
1462 2589 1539 2647 duras
1562 2579 1720 2646 Ecclesias
1741 2583 1861 2658 tacere,

85 2666 125 2727 ab
141 2667 208 2743 ipsa
232 2660 372 2729 Ecclesia
393 2681 450 2740 per
463 2668 648 2728 sententiam
674 2668 801 2746 praelati
828 2672 954 2752 ejiciau·
998 2685 1093 2730 aarum
1108 2669 1140 2732 iu
1160 2671 1262 2744 terris,
1280 2681 1359 2750 quae
1375 2669 1502 2732 haberet
1516 2669 1616 2735 honos
1631 2670 1662 2728 et
1682 2663 1780 2734 rnaius
1795 2711 1803 2740 ,
1819 2665 1864 2727 al·

85 2756 146 2812 tur.
164 2748 243 2812 ilem
259 2749 363 2812 ltatrh.
379 2748 431 2812 23.
447 2748 594 2812 Dominus
608 2743 760 2830 praecipit
771 2753 810 2816 de
825 2765 953 2832 praepo·
998 2757 1093 2815 teram
1107 2751 1139 2814 io
1153 2751 1261 2824 coelis,
1278 2767 1357 2829 auae
1375 2767 1437 2814 oou
1464 2749 1615 2822 haberet,
1646 2747 1706 2810 nisi
1735 2747 1834 2810 bonus
1852 2757 1861 2820 ι

83 2833 154 2894 sitis
168 2831 273 2906 malis,
289 2837 323 2894 υι
336 2831 483 2895 iaciamus
495 2831 578 2909 quod
593 2835 720 2908 dicunt,
738 2849 799 2898 oon
815 2837 896 2916 quod
913 2837 954 2898 tu·
999 2835 1228 2912 responderunt
1245 2828 1402 2910 catholici,
1417 2847 1454 2896 se
1468 2848 1530 2894 noa
1559 2832 1636 2894 duas
1651 2821 1806 2892 Ecclesias
1822 2829 1863 2891 ta·

84 2917 183 2984 ciunt,
198 2919 230 2976 et
243 2931 312 2994 cap.
330 2914 381 2979 21.
398 2914 546 2977 describit
574 2918 783 2994 praepositum
811 2919 925 2982 mutum
943 2967 951 2995 ‚
999 2917 1142 2992 ccre‚sed
1158 2919 1349 2997 distinguere
1361 2917 1422 2979 duo
1435 2921 1571 2994 tempora
1594 2911 1764 2976 Ecclesiae.
1777 2913 1865 2976 Ean·

85 2996 485 3076 quipercutltconseraus,
515 2998 650 3059 comedit
684 3004 714 3061 et
738 2999 817 3062 bibit
835 3011 956 3065 cume·
998 2999 1666 3080 dem,ioquit,ipsarounam,eisaoctam
1687 2984 1864 3058 Ecclesiam

85 3078 203 3142 briasis
218 3085 279 3142 etc.
295 3084 327 3142 et
341 3079 427 3142 dicre
447 3080 554 3142 Veniet
568 3075 724 3146 Dominus
740 3082 809 3160 cp'ao
822 3084 862 3146 ain
888 3086 953 3158 die,
999 3085 1157 3147 dementat
1169 3100 1261 3148 nunc
1275 3096 1341 3148 ceso
1356 3081 1462 3156 aliter,
1477 3095 1568 3144 auae
1584 3079 1678 3142 aliter
1691 3077 1863 3156 futuram,

82 3179 153 3242 praa
165 3173 238 3224 ooo
250 3165 370 3240 operat,
385 3167 415 3224 et
428 3162 550 3226 ιιιυιυθι
565 3175 659 3232 eaor.
676 3171 868 3246 porrumque
883 3167 955 3246 ejas
998 3177 1090 3230 naor
1104 3165 1221 3230 hahere
1234 3167 1337 3230 matos
1351 3167 1482 3238 micros,
1499 3167 1574 3226 lunc
1585 3175 1654 3226 aaa
1668 3159 1865 3235 habituram,

85 3261 163 3308 earm
177 3246 353 3326 hypocritis
365 3249 477 3390 Horret.
495 3244 550 3306 uhi
575 3245 613 3308 de
637 3249 822 3328 praepositis
850 3248 958 3314 Eccle·
999 3251 1083 3315 aaut
1096 3251 1252 3313 oooidco
1268 3251 1333 3314 duo
1351 3247 1567 3318 Christisuot,
1580 3245 1661 3326 puio
1682 3243 1865 3323 aliquando

86 3330 153 3389 siae
170 3345 218 3406 ugr
235 3329 349 3390 doceat
394 3329 508 3401 itarius,
526 3328 755 3408 llicruapmus,
778 3330 957 3412 chrysosto·
999 3334 1158 3406 mortalis,
1174 3328 1563 3412 aliquundoimnrurtclis
1589 3321 1688 3408 haemi
1711 3323 1863 3388 chricha,

86 3421 169 3486 mus,
190 3410 287 3471 etalii
308 3411 337 3472 in
355 3412 438 3472 hunc
459 3411 573 3473 locum.
601 3409 679 3472 item
706 3416 736 3474 io
763 3408 855 3492 epist.
873 3415 902 3476 1.
918 3414 956 3477 ad
1002 3416 1087 3492 Quae
1102 3422 1174 3478 strat
1187 3416 1317 3478 notanda
1334 3420 1438 3478 contra
1455 3417 1577 3476 nostros
1607 3399 1865 3472 Confessioaistas

87 3491 159 3556 Cor.
173 3509 242 3571 cap.
261 3493 290 3553 t.
306 3493 418 3554 Paulus
429 3492 503 3554 dicit
515 3492 651 3556 scribere
666 3495 873 3560 se'Eoctesiae
887 3498 955 3574 Dei,
1003 3502 1034 3563 et
1049 3491 1242 3566 Catalnistas,
1258 3499 1310 3577 uui
1323 3499 1401 3561 duas
1415 3493 1571 3558 Ecclesias
1585 3487 1717 3571 fingunt.

87 3589 170 3653 quae
187 3573 236 3638 esi
250 3569 388 3646 Corinthi
402 3593 412 3652 ς
430 3582 460 3637 et
474 3591 545 3638 mox
558 3576 673 3641 ibidem
688 3579 812 3640 subdit:
830 3579 959 3659 Sipaiii·
1043 3578 1192 3647 Probatur
1213 3581 1315 3644 Tertio
1331 3573 1517 3644 testimoniis
1545 3575 1680 3638 Petrum.
1696 3571 1867 3655 Cyprianus

87 3665 202 3720 cotum
216 3662 262 3720 esi
274 3653 460 3738 mitaiaawd
473 3659 692 3723 contentiones
705 3665 782 3724 achai
793 3663 957 3727 iamvos.
1002 3663 1264 3741 lib.3.eptst.3.ad
1279 3661 1487 3726 llaxiroioum:
1502 3649 1669 3737 impacta,
1683 3655 1866 3735 inquinabo

87 3749 148 3804 etc.
163 3741 202 3802 Et
215 3753 283 3820 cop.
299 3741 330 3802 5.
345 3738 487 3805 Audhar
499 3742 586 3806 irater
606 3757 662 3805 ooo
676 3744 861 3822 (maicone,
879 3762 959 3825 aaa·
1004 3739 1097 3812 debet
1110 3751 1168 3810 aut
1180 3744 1281 3824 ades,
1298 3745 1356 3810 cui
1369 3745 1511 3808 charitas
1524 3739 1649 3808 caustro,
1661 3745 1698 3802 at
1711 3739 1870 3825 pauninus

87 3823 130 3886 lis
143 3839 205 3886 nec
217 3819 306 3887 inter
318 3829 437 3903 pmice,
452 3825 502 3886 ito
513 3823 552 3887 ut
562 3833 705 3889 umorem
716 3828 820 3907 porris
832 3831 887 3892 sati
901 3829 961 3892 ati·
1004 3831 1141 3895 amanio
1154 3843 1219 3894 esse
1232 3829 1269 3892 io
1282 3818 1427 3892 Ecclesia
1440 3817 1615 3896 amatam,
1629 3817 1696 3902 ipsa·
1708 3822 1750 3884 de
1763 3821 1870 3884 Eccle-

86 3908 165 3988 quia
181 3904 312 3970 habeat.
330 3905 407 3980 Quid
430 3907 482 3969 hic
496 3906 629 3970 dicacur
644 3921 704 3972 ouo
721 3925 792 3974 essa
816 3910 894 3975 hauc
909 3927 960 3974 re·
1005 3913 1058 3978 sic
1070 3913 1273 3977 recedamus.
1290 3909 1454 3988 Gregorius
1476 3905 1733 3980 amianaeous‘ip
1745 3909 1820 3966 orat.
1837 3903 1868 3966 t.

85 4005 155 4052 ram
171 3989 367 4052 Ecclesiam?
382 3989 418 4051 tto
432 3989 590 4070 apostotus
605 3989 679 4052 dicit
693 4005 764 4056 esse
789 3993 959 4057 Ecclesiam
1006 3995 1209 4075 apotopetiea
1225 4001 1295 4056 ante
1311 3991 1458 4064 medium,
1475 3991 1631 4067 comparat
1642 3986 1809 4050 Ecclesiam
1823 3985 1869 4048 in·

88 4071 160 4134 liei.
191 4071 255 4134 ttoa
269 4069 368 4135 luisse
384 4071 478 4135 istum
495 4079 689 4150 peccatorem
703 4073 918 4153 gravissimum
933 4081 964 4142 et
1005 4077 1091 4159 genti
1105 4075 1228 4140 bellnae
1243 4087 1280 4140 ex
1294 4075 1385 4138 rarils
1399 4063 1514 4136 belluis
1535 4069 1723 4150 compositae
1738 4114 1747 4142 ,
1761 4067 1843 4131 idest
1859 4113 1868 4144 ,

89 4153 308 4218 manilcstumi
323 4155 360 4216 ht
376 4154 537 4234 apostotus
551 4153 611 4218 hoc
626 4151 712 4219 dicit.
728 4149 792 4220 Noa
809 4157 906 4223 tuisse
926 4159 960 4224 ia
1006 4160 1138 4240 magnis,
1154 4159 1267 4240 parvis,
1283 4156 1368 4232 ieris,
1384 4155 1511 4220 mitibus
1529 4159 1589 4218 etc.
1606 4156 1639 4248 pt
1653 4149 1796 4214 ostendat
1807 4165 1870 4212 ma·

87 4237 142 4300 itta
158 4236 319 4300 Ecclesia?
333 4237 371 4300 ht
388 4237 655 4316 apostolusjubet,
674 4246 705 4300 ut
720 4241 874 4318 expellant
888 4257 960 4306 eum
1004 4247 1120 4307 simum
1136 4259 1207 4306 esse
1222 4241 1359 4305 lahorem
1381 4239 1534 4318 episcopi,
1562 4248 1614 4315 qur
1643 4248 1752 4314 regere
1776 4232 1871 4296 dehet

88 4335 148 4400 per
163 4320 531 4384 excommunicationem.
549 4319 703 4397 licitatur,
720 4322 831 4403 lnquit,
843 4325 883 4388 de
896 4335 961 4390 aaa·
1005 4333 1050 4388 tat
1064 4325 1222 4388 hominum
1238 4339 1363 4404 genera,
1377 4321 1531 4403 perlectos
1546 4324 1578 4381 ct
1592 4315 1799 4396 imperfectos,
1816 4316 1871 4378 bo·

87 4404 146 4466 1110
160 4406 259 4466 1161111
274 4408 333 4465 01⁰·
1005 4419 1063 4472 nus
1076 4413 1107 4470 et
1122 4408 1229 4470 marios.
1246 4403 1482 4487 chrysostomus
1495 4402 1588 4466 multu
1604 4398 1717 4462 similia
1744 4397 1819 4461 dicit
1834 4397 1873 4464 de

129 4485 293 4548 Praeterea
305 4483 431 4564 apocal.
447 4486 479 4548 2.
495 4490 526 4547 et
540 4483 681 4548 bscrihit
695 4475 960 4568 loconesseptcm
1005 4491 1143 4572 peccatis
1159 4501 1277 4558 eorum,
1294 4490 1345 4568 aui
1362 4485 1399 4552 ab
1416 4485 1574 4568 episcopis
1595 4485 1754 4563 reguntur,
1771 4475 1827 4544 lib.
1841 4479 1873 4544 3.

93 4561 249 4630 Ecctesiis
263 4567 401 4640 Asiaeet
413 4567 475 4631 lere
493 4567 631 4647 singutas
646 4570 846 4650 reprehendit
859 4573 962 4640 dare·
1005 4575 1045 4635 de
1059 4573 1243 4636 sacerdotio.
1275 4571 1362 4636 Idem
1384 4573 1415 4634 in
1436 4569 1549 4650 psalm.
1565 4557 1616 4629 du.
1633 4567 1664 4628 in
1681 4561 1756 4626 ttlud
1774 4561 1874 4626 liutti-

93 4649 158 4712 bus
174 4664 235 4712 oon
251 4650 382 4714 teribus.
398 4649 435 4713 Et
448 4655 534 4712 aaut
547 4651 737 4730 Augustinus
749 4653 804 4715 lib.
820 4653 960 4718 iconiae
1006 4655 1137 4734 plicatae
1151 4659 1224 4717 suot
1238 4669 1333 4730 super
1359 4647 1489 4732 capillos
1515 4647 1623 4729 capitis
1645 4647 1706 4709 mei
1735 4651 1795 4707 etc.
1812 4645 1874 4708 Nec

92 4731 343 4804 Parmenlanum,
356 4743 425 4812 cap.
443 4731 492 4795 tu.
514 4749 575 4795 ooo
592 4735 691 4797 solum
708 4734 880 4809 Ecclesias,
903 4737 960 4800 sed
1007 4750 1050 4801 aa
1062 4738 1213 4817 perfectis
1227 4731 1361 4818 paidom
1374 4729 1531 4800 uniuersa
1556 4727 1682 4797 caretur
1705 4719 1873 4810 Ecclesia.

89 4816 187 4877 ctiam
199 4810 408 4894 prucposltnm
423 4815 609 4896 reprehendi
622 4817 891 4899 significatumper
901 4820 962 4882 tlu-
1006 4821 1064 4884 rod
1078 4819 1172 4883 babet
1186 4833 1238 4884 eoo
1253 4813 1362 4892 eiiam,
1378 4820 1436 4900 pai
1450 4809 1526 4892 otio,
1549 4811 1760 4878 elucubratae
1775 4823 1808 4872 se
1823 4809 1877 4872 dea

88 4899 199 4974 petum
214 4898 557 4962 sardensis-Ecclesiae
570 4899 701 4972 ttamen,
725 4901 845 4978 inquit.
863 4901 961 4964 hobas
1007 4905 1101 4974 munt,
1113 4901 1351 4984 docilemqueei
1363 4901 1555 4964 dissolutam
1564 4897 1667 4982 uitato
1678 4889 1878 4971 arhptaeturr·

86 4981 371 5058 quaestuosae
393 4979 541 5045 moriam
566 4998 621 5052 es,
652 4987 716 5045 erro
743 4983 885 5063 otpiiooc
901 4983 959 5047 cic.
1007 4994 1072 5060 taur,
1089 4990 1118 5048 et
1133 4985 1267 5049 libenter
1279 4981 1426 5048 serviani
1440 4979 1704 5059 uaiaprarihaw
1714 4973 1877 5054 paoaiarir

89 5065 192 5134 Adde,
210 5065 292 5142 quod
304 5070 443 5143 tempore
456 5065 643 5128 'testamenti
658 5065 781 5140 veteris,
795 5081 961 5148 numquam
1008 5069 1054 5131 usi
1066 5080 1174 5132 unum
1188 5071 1478 5150 corporacorpora
1492 5081 1535 5127 cuc
1549 5069 1773 5142 udapcrcooc
1784 5058 1876 5133 haec,

88 5145 261 5208 doluerunt
275 5147 453 5226 pravissima
469 5155 594 5226 pecuma
609 5149 642 5209 in
658 5149 772 5228 populo
791 5147 859 5225 Dei,
876 5156 904 5213 et
921 5156 964 5212 ta·
1008 5153 1038 5214 et
1049 5151 1112 5214 illd
1123 5147 1335 5231 pronunciat.

88 5243 164 5290 oreo
178 5239 330 5308 nusquam
343 5228 487 5310 legimus,
505 5231 586 5305 cuod
610 5223 742 5310 lloyses,
758 5231 811 5293 'aut
825 5232 961 5305 Samuel,
1049 5233 1255 5313 Hieronymus
1271 5232 1302 5294 in
1318 5229 1441 5312 dtatapa
1453 5233 1558 5308 contra
1568 5217 1785 5289 Euuilerlaous
1799 5221 1881 5285 ultra

87 5316 143 5374 aut
158 5311 211 5373 alii
222 5311 466 5392 prophetasad
480 5311 609 5375 dirersis
622 5313 812 5393 temporibus
825 5317 960 5390 luerunt,
1007 5315 1157 5378 medium:
1171 5317 1252 5379 irco
1266 5313 1340 5387 tiae,
1355 5311 1466 5390 inquit,
1489 5300 1655 5374 Ecclesiae
1682 5313 1778 5388 tppus
1793 5305 1880 5384 fuit,⁴

88 5401 143 5455 aut
160 5389 266 5470 llario,
282 5392 379 5466 hona,
396 5389 552 5456 Elisabeth
573 5443 581 5468 ‚
598 5397 722 5460 Simeon
741 5443 749 5469 ,
775 5397 936 5460 Eacirartas
953 5445 962 5474 ,
1007 5405 1045 5460 ar
1057 5400 1096 5462 io
1109 5397 1169 5460 ilia
1184 5399 1332 5461 omnium
1346 5394 1546 5458 animalium
1559 5395 1682 5470 panau
1699 5434 1707 5462 ,
1736 5389 1784 5451 ita
1800 5394 1829 5448 et
1842 5387 1882 5448 in
1985 5433 1996 5448 .

88 5475 232 5540 ioannes
243 5475 391 5554 Baptista,
408 5483 439 5540 et
453 5477 505 5540 alii
518 5479 611 5551 justi,
622 5493 700 5558 auos
714 5477 866 5550 Dominus
879 5480 964 5544 inve·
1010 5478 1071 5544 hac
1085 5481 1327 5547 uniuersorum,
1345 5483 1374 5542 et
1410 5469 1578 5545 curiana
1591 5479 1721 5536 morunt
1734 5469 1881 5534 homiues

88 5561 136 5624 nit
152 5558 185 5621 iu
202 5561 319 5638 populo
331 5558 741 5640 iudaeorum‚separarerint
753 5577 787 5624 se
802 5581 818 5625 a
835 5561 964 5642 reliquis
1009 5565 1104 5626 aaut:
1118 5569 1157 5626 aa
1170 5555 1218 5626 ihi
1229 5563 1370 5642 pardus.
1431 5559 1496 5628 adt,
1514 5549 1611 5638 lupas
1636 5557 1667 5618 ei
1681 5555 1770 5633 apoi,
1788 5553 1837 5615 tto
1851 5549 1881 5614 'ct

87 5641 243 5722 pessimis
259 5643 449 5716 hominibus,
467 5649 614 5724 quantum
630 5645 667 5706 ud
679 5646 839 5726 templum,
858 5645 963 5718 altare,
1010 5645 1164 5725 hicp'usti,
1182 5651 1212 5709 et
1225 5651 1429 5724 peccatores,
1454 5641 1492 5706 id
1508 5647 1552 5703 cst
1580 5647 1687 5710 uaso,
1719 5649 1825 5699 aurea
1854 5632 1883 5696 ci

91 5723 258 5798 haeriticis,
275 5731 306 5788 ct
320 5727 390 5796 atio,
407 5735 486 5805 quae
499 5725 660 5807 religionis
674 5733 755 5806 suot,
780 5743 853 5810 erga
868 5728 900 5792 iu
915 5744 964 5796 ea·
1011 5735 1166 5812 capemeu
1180 5744 1253 5794 cam
1270 5729 1384 5812 tipario
1414 5729 1444 5790 et
1457 5721 1607 5806 fictilibus
1619 5723 1881 5784 commarcarum

173 5821 345 5882 draconun
365 5821 424 5881 l'di,
445 5823 479 5882 tt.
1635 5819 1669 5874 tu
