4088 6300
845 372 940 434 liubit
959 373 1096 434 TERTIUS
1719 363 1771 429 itti

15 509 16 544 ³
71 507 270 583 sectatione,
285 505 355 586 quin
372 510 441 588 post
455 505 547 571 bucin
562 506 654 589 bajus
669 507 746 572 vilae
773 507 880 572 lldcles
895 510 941 572 in·
986 510 1056 574 dam
1071 506 1185 590 gloriae
1199 505 1319 570 Domini
1334 503 1561 570 tubernaculum
1588 505 1671 570 lc'xit.
1698 501 1844 568 simililer

71 591 206 652 trabunt
218 591 250 652 ln
266 590 409 670 gaudium
437 591 569 668 bomini,
597 592 648 653 ubi
675 597 824 671 perpetuo
850 595 941 656 lacta-
987 594 1141 663 tociacum
1158 591 1304 668 templum
1319 607 1335 650 n
1351 589 1513 652 Salomone
1528 589 1699 682 dedicatum
1715 587 1844 686 estalla-

71 672 209 736 buntur.
224 674 306 736 llaec
321 679 351 736 et
365 673 475 736 similia
490 674 559 736 ride
584 675 665 752 apud
696 675 896 754 augustinum
913 681 945 738 et
988 677 1067 739 braia
1081 676 1167 738 enim
1181 674 1315 754 gloriae,
1330 673 1474 751 implerat
1497 673 1631 736 domim
1656 671 1797 766 bomine,
1814 671 1846 732 3.

72 753 268 819 Bernardum
285 757 316 817 in
332 756 526 818 sermonibus
538 757 577 818 de
589 758 793 836 dedicatione3
810 765 841 820 et
862 758 963 837 apud.
988 760 1065 839 llcg.
1081 759 1113 820 8.
1130 757 1213 818 idem
1230 755 1320 817 etiarn
1343 771 1399 817 suo
1422 762 1560 834 temporo
1585 757 1735 847 occidisse
1749 753 1850 814 eccle·

15 839 17 872 l
70 837 255 916 lingonen,
271 839 396 901 lironem
425 846 455 902 et
469 839 628 902 llabooum
642 855 733 919 supra
749 842 870 913 citatos,
887 843 939 919 aui
991 843 1057 905 siae
1072 843 1269 903 consecratae
1283 836 1391 900 scribit
1405 837 1568 918 Gregorius
1580 838 1635 900 lib.
1651 839 1681 900 3.
1697 836 1847 912 dialogor.

69 922 239 1000 sigillatim
264 921 417 1001 explicant
441 923 577 984 rationes
605 922 712 985 barurn
738 925 945 988 caeremonia·
989 942 1059 1002 cop.
1075 923 1126 986 311.
1141 923 1182 986 ln
1194 936 1328 1000 magna.
1346 921 1631 1000 inquit,serenitate
1648 920 1736 984 deria
1750 931 1850 996 super

15 1007 16 1030 ³
75 1020 166 1065 suun
493 1037 495 1045 ν
988 1003 1511 1072 altareacclesiaeoubescoelitus
1533 1005 1849 1080 decenditauosque

125 1085 225 1148 Tertia
240 1085 421 1164 propositio:
441 1085 604 1164 inopiam
631 1095 865 1160 consecratum,
880 1103 945 1150 mc·
989 1091 1074 1154 iliad
1108 1087 1268 1152 calomnae
1293 1087 1441 1166 operuit,
1471 1101 1661 1166 omnemque
1688 1083 1855 1147 ecelesiam

72 1170 146 1231 rita
161 1175 312 1230 sanctum
326 1173 356 1231 ct
378 1169 573 1236 adamabile.
590 1177 630 1232 dc
658 1172 773 1234 diuina
800 1173 947 1252 quodam
991 1180 1079 1235 tanto
1094 1177 1214 1235 terram
1228 1185 1268 1232 dc
1281 1170 1452 1231 auamtntis
1467 1171 1564 1234 odoro
1587 1169 1731 1246 repleuit.
1745 1173 1781 1229 ut
1791 1183 1850 1244 pa·

73 1254 201 1314 uirtute
229 1252 417 1330 praeditum
448 1253 631 1315 cmiaiimara'
656 1254 759 1316 debet.
785 1253 944 1329 Probalor3
991 1255 1130 1319 teretibus
1139 1253 1255 1331 lanua
1271 1252 1384 1314 nullus
1393 1252 1474 1314 illue
1484 1258 1706 1332 praesumeret
1716 1252 1854 1346 intrare.

77 1335 198 1407 Primo,
216 1349 253 1395 ex
267 1335 414 1397 relatione
429 1335 466 1396 ad
482 1335 590 1410 Deum:
603 1335 762 1415 l'emplum
789 1341 836 1398 ast
861 1336 948 1398 dedi·
991 1340 1026 1402 ln
1044 1339 1098 1401 lib.
1114 1351 1239 1416 quodue
1252 1336 1284 1396 2.
1297 1334 1436 1397 llacbab.
1452 1351 1521 1414 cap.
1538 1334 1568 1396 3.
1585 1335 1727 1412 legimus,
1758 1337 1853 1394 dixis·

77 1423 186 1477 (cotom
201 1415 276 1484 Deo.
293 1431 366 1494 ergo
381 1425 429 1479 ast
451 1433 502 1479 res
530 1418 596 1490 liei,
625 1435 698 1498 crgo
721 1426 861 1482 sonatum
888 1425 947 1494 csi3
991 1438 1026 1484 se
1042 1419 1252 1482 Heliodorum:
1268 1418 1309 1480 ln
1329 1417 1397 1480 laco
1425 1417 1482 1479 iiio
1508 1423 1552 1480 ast
1576 1433 1649 1480 aere
1673 1415 1732 1478 Dei
1754 1415 1855 1476 cirtae

79 1516 157 1560 nam
174 1499 275 1560 omnis
290 1514 340 1561 res
356 1499 419 1562 lieo
434 1500 544 1570 dicata,
561 1517 597 1563 eo
612 1500 680 1580 ipso
697 1507 744 1563 est
759 1507 873 1574 sancta,
893 1501 950 1562 Le·
992 1504 1168 1586 quaedam
1179 1516 1261 1564 nam
1273 1501 1343 1578 ipse
1358 1501 1416 1580 qui
1427 1499 1552 1562 inabitat
1563 1499 1601 1563 in
1612 1499 1719 1574 dualia,
1744 1498 1854 1561 cisitu

78 1583 138 1642 rit.
153 1582 208 1642 ull.
224 1578 356 1644 Animal
369 1583 458 1662 qnod
472 1583 636 1646 immolari
648 1587 751 1662 potest
764 1582 951 1657 Dominari
993 1592 1085 1651 tor-et
1104 1584 1238 1663 adjutor
1250 1589 1294 1645 est
1307 1583 1480 1646 loeiillius.
1833 1661 1839 1676 .

79 1665 161 1742 quis
175 1665 304 1738 occant,
321 1671 471 1728 sanctum
485 1666 555 1729 erit.
573 1665 607 1726 llt
622 1666 711 1729 inira:
729 1665 950 1747 Quidquidsa·
1034 1669 1157 1743 Quarto,
1175 1663 1320 1746 probator
1334 1681 1371 1728 en
1386 1665 1525 1728 absentia
1541 1663 1715 1740 daemonis:
1733 1679 1802 1724 narn
1814 1679 1856 1724 sr-

79 1745 499 1822 melsuen'tcorneoratum
525 1747 671 1820 Domino,
701 1755 851 1812 sanctum
876 1765 951 1811 sora
993 1751 1171 1828 cuttempla
1205 1749 1364 1829 gentilium
1390 1749 1504 1826 polluta
1532 1752 1604 1809 sunt
1627 1753 1657 1808 ct
1684 1746 1852 1818 immundo,

82 1836 214 1892 ciorum
228 1829 298 1904 erit,
316 1829 418 1892 llatlb.
434 1831 485 1892 23.
507 1829 567 1892 Vae
580 1832 668 1894 cobis
682 1834 779 1894 duces
791 1831 952 1910 caecique·
992 1835 1061 1914 quia
1077 1838 1149 1894 sunt
1163 1830 1316 1894 domicilia
1331 1831 1527 1902 daemonum,
1543 1835 1576 1891 ul
1591 1835 1673 1907 patet
1689 1845 1727 1891 ax
1743 1827 1855 1906 Grego-

82 1913 211 1974 dicitis:
231 1909 429 1994 Quicumque
437 1913 598 1994 iurauerit
610 1931 671 1994 per
684 1915 849 1992 templum,
864 1914 950 1976 cinit
995 1919 1040 1978 rio
1052 1915 1106 1978 lib.
1123 1915 1154 1976 3.
1170 1913 1317 1992 dialogor.
1336 1929 1404 1992 cap.
1422 1912 1452 1975 1.
1467 1915 1508 1974 11ο
1525 1911 1718 1982 econtrario,
1745 1911 1857 1988 templa

83 1999 147 2068 est:
164 1994 222 2071 qui
237 1995 517 2076 autemp'raraocrit
530 1997 568 2058 in
593 2011 674 2060 auro
701 1998 824 2076 templi:
849 1995 949 2059 debet.
994 2001 1159 2062 lleisancta
1170 2002 1253 2062 sunt.
1267 1997 1336 2075 quic
1348 1995 1549 2064 daemonibus
1561 1993 1765 2057 carent.ldem
1776 1993 1859 2054 enirn

85 2076 189 2139 Stulti
204 2081 232 2138 ct
248 2077 337 2138 cocci
366 2079 550 2157 quidecim
562 2079 671 2162 mairac
686 2086 741 2150 est,
759 2095 890 2144 aarum.
907 2093 953 2142 an
996 2081 1161 2160 Gregorius
1176 2078 1232 2141 lib.
1248 2078 1279 2140 3.
1295 2093 1363 2156 cop.
1390 2078 1441 2140 tid.
1470 2079 1618 2157 dialogor.
1644 2077 1762 2149 scribit,
1790 2084 1861 2155 post

87 2158 259 2239 ternplum,
276 2161 366 2240 quoti
378 2157 558 2238 sanctificat
571 2165 712 2225 aarum?
727 2162 781 2225 Ubi
804 2161 954 2224 Dominus
997 2163 1262 2226 consecrationem
1278 2161 1396 2239 ternpli,
1413 2159 1494 2238 qood
1507 2159 1786 2222 antandriooorom
1798 2159 1862 2220 lue·
1939 2193 1943 2208 r

86 2243 156 2304 vult
171 2241 319 2320 templum
335 2243 489 2321 lapideum
506 2244 640 2306 nobilius
667 2260 738 2307 esse
767 2246 835 2324 ipso
864 2259 951 2316 auro,
997 2255 1053 2320 rat,
1075 2245 1232 2308 diabolum
1262 2243 1336 2306 inde
1351 2259 1511 2323 egressum
1526 2242 1715 2306 sensibiliter
1739 2242 1867 2319 inspe-

88 2323 176 2402 quod
191 2323 334 2385 videlicet
347 2340 420 2388 auro
436 2325 642 2388 communicet
666 2327 868 2399 sanctitatem:
884 2341 954 2387 nam
998 2331 1046 2392 cle
1061 2327 1281 2403 suis‚rnaximo
1296 2325 1426 2405 strepitu
1440 2327 1593 2388 excitatio.
1610 2325 1647 2386 Et
1660 2325 1740 2388 sicot
1753 2324 1864 2386 domus

88 2409 166 2468 licet
180 2405 299 2483 lapides
313 2407 376 2469 sint
389 2407 529 2470 absolute
552 2407 716 2472 inferiores
743 2426 829 2485 auro,
852 2417 954 2472 tamen
999 2413 1171 2492 principum
1187 2411 1271 2490 aspin
1286 2415 1370 2485 sunl,
1389 2423 1447 2470 nec
1462 2407 1505 2470 ibi
1520 2409 1645 2470 lictores
1671 2407 1724 2468 ulli
1753 2421 1864 2467 manus

91 2489 212 2550 cartiano
229 2489 387 2552 relationis
401 2489 438 2552 ad
454 2489 562 2570 Deum,
580 2492 699 2568 lapides
727 2493 783 2566 illi,
802 2491 852 2571 qui
880 2497 954 2552 tem·
998 2495 1128 2574 injicere
1142 2492 1267 2566 audent,
1294 2493 1334 2554 ita
1362 2493 1452 2554 ctiam
1469 2490 1630 2568 intemplo
1656 2489 1722 2560 bei.
1739 2489 1862 2552 daemo-

89 2571 178 2649 plnrn
195 2569 342 2644 alliciunt,
360 2579 432 2634 sunt
445 2573 539 2652 longe
555 2573 724 2638 nobiliores
739 2583 770 2637 et
784 2573 955 2636 sanctiores
1001 2593 1058 2640 nes
1073 2592 1134 2639 nan
1150 2575 1293 2638 sinuntur
1308 2573 1439 2656 grassari
1469 2589 1506 2636 ea
1522 2575 1635 2650 modo,
1659 2589 1719 2652 quo
1745 2573 1777 2633 in
1793 2571 1862 2634 aliis

92 2667 181 2714 aura.
197 2653 284 2715 Unde
299 2655 487 2734 Augustinus
502 2657 556 2719 lib.
577 2657 608 2719 l.
630 2664 712 2721 cont.
742 2657 954 2727 cresconium.
999 2661 1089 2724 locis.

93 2752 164 2813 cap.
181 2735 451 2814 teorotnand,
468 2740 689 2818 omnipotenti,
714 2741 854 2818 parietes
882 2755 957 2802 con·

91 2823 246 2892 sacratos,
269 2819 686 2898 ecciesiamoenerandcrn‚
703 2823 799 2904 guasi
813 2822 959 2902 quadam
1343 2863 1459 2928 CAPUT
1481 2866 1518 2928 w

15 2929 16 2940 ¹
94 2899 280 2964 obsessione
294 2902 434 2965 credidit
446 2903 665 2967 retinendam.
1522 2912 1530 2929 ⁰

138 2983 291 3059 secundo,
309 2984 454 3063 probatur
469 2999 507 3046 en
524 2986 669 3066 precibus
683 2992 714 3048 et
741 2986 958 3050 benedictione

15 3097 16 3136 r
96 3065 280 3144 episcopali:
304 3081 374 3128 nam
390 3072 423 3128 ut
437 3067 479 3128 ait
492 3070 662 3148 aposlolus
680 3069 709 3132 l.
726 3069 804 3131 Tim.
820 3069 852 3132 l.
873 3069 961 3132 bibit
1216 3083 1218 3090 ’
1237 3058 1281 3120 Dss
1295 3061 1416 3122 011113ῑῖ1
1430 3057 1632 3137 mmmmm·

92 3146 319 3224 abjiciendum
335 3151 391 3218 cat.
409 3151 499 3228 qood
521 3167 596 3214 cum
623 3153 809 3230 proliacum
832 3152 959 3214 actione
1393 3195 1395 3204 .

92 3231 284 3308 percipiam
297 3231 523 3310 sanctificatur
536 3233 623 3296 etaim
634 3250 694 3313 per
706 3233 843 3298 uerbum
858 3234 917 3297 Dei
931 3239 959 3296 et
1046 3236 1177 3298 Ornatus
1193 3232 1375 3312 templorum
1391 3231 1500 3308 partim
1515 3232 1625 3310 inipsa
1638 3229 1752 3325 labrire
1764 3228 1866 3292 consi·

96 3313 288 3375 orationem.
304 3311 370 3375 Jarn
386 3314 412 3376 si
427 3315 488 3376 cibi
503 3315 733 3379 sanctificantur
747 3332 803 3396 per
830 3317 957 3380 terbum
1002 3321 1065 3386 siit.
1084 3317 1236 3397 partimin
1253 3313 1450 3394 imaginibus,
1467 3315 1623 3386 crucibus,
1641 3313 1801 3384 calicibus,
1819 3328 1868 3373 re·

95 3394 152 3457 Dei
168 3396 393 3471 cierationem,
409 3412 466 3459 cur
480 3413 541 3460 nan
565 3400 655 3460 etiarn
686 3400 797 3479 templa
824 3399 957 3462 sanctill·
1002 3401 1247 3477 stibusaliisque
1263 3400 1292 3461 id
1309 3413 1408 3476 genus
1424 3394 1869 3490 ornamentislleprebeodunt

95 3477 260 3550 dabuntur,
277 3495 355 3557 quae
369 3494 425 3558 per
441 3495 544 3542 sacras
560 3497 707 3559 personas
722 3481 857 3560 publicis
885 3497 954 3560 pre·
1001 3484 1083 3546 bunc
1098 3489 1253 3548 ornatum.
1273 3489 1332 3542 iarn
1348 3488 1468 3543 ueteres
1498 3478 1725 3541 Petrobrusianr
1752 3482 1782 3538 ct
1807 3475 1867 3537 Wi-

96 3561 186 3621 cibus
202 3565 232 3621 et
245 3561 461 3625 bencdictione
474 3565 708 3626 consecrantur?
719 3563 875 3628 Praeterea
888 3579 959 3626 san·
1004 3565 1151 3638 clellslae,
1176 3565 1267 3644 quarn
1283 3566 1373 3627 etiarn
1390 3562 1555 3625 Loibcrani
1571 3566 1602 3623 et
1616 3559 1809 3634 balniantes,
1822 3561 1866 3620 lo·

95 3642 251 3704 atillcanle
267 3643 429 3707 Salomone
443 3647 604 3724 templum,
622 3645 704 3710 ileos
720 3648 809 3708 ctiam
824 3645 958 3708 sanclill·
1002 3650 1048 3710 cis
1063 3647 1149 3710 initio
1164 3645 1287 3709 natatis.
1304 3647 1486 3724 Argumenta
1504 3645 1625 3705 illorum
1641 3644 1718 3705 baec
1732 3649 1815 3740 sunt.
1933 3699 1934 3702 ,

95 3727 187 3798 cavit,
205 3731 238 3786 ut
253 3724 321 3804 ipse
336 3727 421 3804 dicit,
438 3728 468 3789 3.
485 3728 600 3807 Regum
616 3727 647 3790 a.
664 3727 957 3806 Emoddioiinouit,
1045 3731 1188 3797 Primum.
1206 3746 1242 3790 ex
1258 3729 1391 3790 lllerem.
1411 3727 1440 3789 l.
1456 3727 1554 3789 llolite
1571 3723 1733 3804 confidere
1745 3740 1785 3786 an
1796 3741 1866 3786 ner-

96 3809 279 3870 orationem
305 3815 408 3886 taam,
425 3815 454 3874 et
477 3809 678 3890 smactificaui
702 3813 834 3876 domum
858 3812 958 3885 banc,
1002 3813 1049 3874 bis
1063 3814 1228 3876 marraccii
1241 3810 1561 3888 dicentas‚templam
1570 3807 1872 3887 Dominiteroplum

96 3906 196 3970 quam
211 3889 440 3970 aedificastilt
455 3895 632 3956 conminus
648 3894 789 3958 ellloaces
805 3901 877 3957 sont
890 3909 959 3974 pra·
1001 3895 1143 3958 Domini.
1161 3895 1195 3956 ln
1210 3911 1302 3975 quern
1325 3895 1425 3955 locuni
1449 3895 1490 3954 ita
1516 3891 1624 3954 scribit
1649 3890 1864 3970 Hieronymus:

97 3989 151 4035 ces
168 3971 337 4044 Ecclesiae,
354 3991 444 4052 quani
461 3975 645 4038 Solomonis.
1002 3979 1182 4058 haccepit.
1198 3978 1308 4057 inquit,
1325 3982 1355 4038 ct
1369 3983 1446 4039 tnnc
1459 3974 1583 4056 populo
1597 3973 1811 4042 ludaeorum,
1838 3977 1869 4034 ot

138 4056 250 4128 Tertio,
267 4056 414 4134 probatur
438 4073 476 4121 cx
500 4059 550 4124 iis.
577 4075 657 4138 quae
685 4065 757 4122 sunt
771 4060 802 4121 in
832 4061 959 4141 templ03
1002 4061 1099 4124 laodic
1112 4061 1216 4134 nobis,
1234 4061 1291 4141 qui
1304 4060 1504 4122 dionomia
1524 4055 1670 4119 Ecclesia
1694 4057 1869 4122 constituti.

97 4153 166 4198 narn
184 4138 270 4200 loeus
285 4155 388 4202 rerum
410 4147 597 4215 sanctarum,
623 4149 752 4206 sancius
781 4159 904 4222 quoque
920 4144 961 4206 sit
1001 4161 1044 4207 ne
1057 4144 1213 4222 binnam
1228 4143 1405 4206 babeamus
1416 4143 1455 4204 in
1466 4139 1691 4217 dediticiorum
1701 4138 1871 4230 splendore

98 4235 229 4282 necesse
244 4223 302 4293 est,
320 4229 355 4284 ut
380 4229 463 4303 patet
478 4239 513 4285 ex
528 4225 593 4296 illo.
623 4223 721 4288 Erod.
738 4225 768 4288 3.
795 4225 906 4302 Locus,
922 4228 960 4292 in
1003 4229 1192 4307 auratisque
1204 4225 1458 4307 laquearibuset
1467 4223 1586 4288 castitia
1594 4221 1870 4318 parietibus-niar-

98 4317 162 4382 qao
177 4307 256 4373 stas,
271 4309 358 4368 terra
371 4310 487 4368 sancta
500 4312 556 4369 est.
1002 4325 1131 4373 moram
1146 4311 1261 4382 moab,
1279 4313 1309 4372 et
1320 4305 1639 4384 decumanorum
1649 4303 1869 4378 brucciaco>

138 4385 205 4446 iarn
221 4402 293 4447 vero
309 4388 340 4448 in
356 4389 480 4467 templis
504 4395 576 4451 suot
601 4389 713 4454 mulina
738 4405 790 4453 ras
818 4395 954 4454 sanetae.
1002 4395 1094 4473 plum
1108 4391 1238 4456 Domini
1254 4397 1311 4454 esi.
1832 4469 1837 4482 Ι

100 4466 213 4542 Primo,
230 4485 305 4531 crux
333 4477 364 4532 et
377 4471 526 4550 imagines
542 4472 651 4534 cbristi
667 4478 894 4548 etsanctorurn.
907 4474 960 4536 Se·
1046 4476 1233 4546 Secundum,
1251 4489 1288 4535 en
1305 4473 1490 4553 llieronpmo
1505 4471 1535 4531 in
1552 4471 1643 4550 episi.
1667 4469 1704 4530 ad
1731 4467 1874 4546 licpoua-

101 4551 212 4624 cunda,
230 4551 378 4630 reliquiae
389 4559 576 4616 sanctorum.
592 4555 881 4634 Tertiopraescnlia
894 4572 960 4618 cor·
1004 4575 1090 4619 num:
1108 4558 1199 4621 lllalti
1213 4556 1388 4636 aedificant
1400 4558 1540 4634 parietes
1555 4601 1563 4629 ,
1580 4559 1610 4616 et
1631 4553 1799 4616 columnas
1824 4565 1874 4614 ec·

103 4634 185 4712 paris
213 4633 332 4698 bomini
349 4637 379 4698 ln
406 4638 601 4700 eucharistia.
627 4639 760 4712 Quarto,
787 4641 960 4719 praesentia
1005 4642 1121 4704 etesiae
1136 4641 1337 4704 substruunt:
1352 4637 1645 4708 mannurbnitcnt
1662 4650 1745 4698 auro
1766 4635 1873 4713 apaan

104 4717 293 4794 angelorum3
310 4718 457 4781 credibile
473 4720 554 4782 enim
565 4717 625 4792 est,
638 4726 690 4782 aut
701 4729 890 4800 comparant
900 4721 959 4784 ire·
1005 4725 1083 4787 dent
1097 4724 1281 4804 laquearia.
1298 4723 1431 4800 genimis
1454 4722 1557 4784 altare
1582 4719 1809 4797 dntncpmrar.
1835 4717 1871 4778 lit

104 4799 303 4874 coactissime
317 4801 348 4862 in
364 4801 487 4881 templis
502 4804 627 4882 angelos
642 4803 763 4866 adesse.
790 4805 887 4878 Quare
908 4805 959 4866 lo·
1004 4806 1204 4887 inirazilcquo
1216 4805 1299 4868 mina·
1312 4805 1432 4887 alipnr‘s
1444 4809 1587 4884 opponat
1597 4800 1872 4865 dioesinludacu

103 4882 218 4958 sepbus
232 4883 287 4944 lib.
306 4883 336 4946 l.
354 4885 394 4946 de
410 4886 492 4947 bello
508 4885 646 4965 judaico,
671 4903 739 4964 cap.
766 4887 816 4949 le.
839 4887 956 4959 scribit,
1005 4891 1168 4968 temptum,
1184 4905 1343 4954 marisam.
1360 4890 1520 4954 lacernas,
1537 4883 1717 4952 tnuribula.
1731 4881 1871 4962 potatos

104 4963 133 5024 io
148 4966 263 5042 templo
278 4967 448 5030 Salomonis
461 4970 551 5045 paulo
563 4975 644 5042 anie,
659 4986 748 5049 quara
761 4976 959 5038 everteretur.
1006 4973 1152 5055 sepphor,
1167 4971 1405 5042 mortariolum
1418 4978 1556 5043 caetera,
1573 4983 1617 5031 aa
1628 4981 1710 5030 auro
1734 4966 1844 5044 sames
1862 4997 1874 5011 ·

19 5095 21 5134 ἰ
105 5047 220 5109 auditas
235 5065 338 5111 rodes:
367 5049 539 5130 Migreoaus
567 5050 654 5127 binc,
685 5068 762 5130 quas
782 5053 959 5131 angelorum
1007 5063 1067 5119 cta.
1088 5055 1174 5118 lianc
1188 5053 1504 5133 baccprobabaniar
1518 5068 1540 5113 a
1559 5050 1708 5118 Domino,
1735 5050 1871 5129 qnando

19 5173 21 5186 .
105 5127 835 5209 luisse,deserentiumeumlocunr,eommunis
856 5135 961 5214 opinio
1006 5139 1186 5202 sacerdotes
1200 5135 1319 5200 hostias
1331 5135 1556 5208 immolabant,
1584 5141 1612 5197 et
1625 5131 1760 5211 sonante
1772 5147 1872 5210 pecu·
1928 5133 1932 5143 '

19 5264 21 5288 p
106 5217 161 5273 ast.
177 5211 214 5273 Et
229 5213 260 5274 b.
278 5212 513 5294 chrysostomus
528 5216 634 5278 bomil.
652 5217 793 5296 l.supor
806 5217 857 5279 illa
870 5220 959 5280 rerba
1008 5222 1088 5284 dnm
1102 5227 1171 5284 erat
1184 5220 1361 5298 redemptio
1374 5222 1594 5297 pcccatorum:
1608 5230 1783 5279 nuncocro
1799 5230 1874 5310 carn

20 5289 23 5363 ζ
106 5294 210 5357 isaiae:
232 5296 737 5363 iidiitomioamaedcntcmotc.
752 5299 836 5363 dicii:
862 5302 959 5380 lnge·
1006 5303 1361 5382 paupertatcmdomus
1375 5315 1596 5380 sarcapaupcr
1610 5298 1766 5360 Dominus
1781 5298 1874 5359 deda·

20 5363 22 5450 ἶ
106 5376 200 5438 larum
217 5381 531 5443 multitudinerallari
556 5395 673 5445 sacrorn
700 5383 959 5447 mensaminec·
1006 5387 1099 5456 carii.
1117 5386 1292 5465 cogitemus
1307 5399 1435 5448 erucem
1450 5383 1531 5464 ojus,
1557 5387 1585 5444 el
1610 5382 1739 5444 diuitias
1767 5380 1872 5442 lutum

20 5451 25 5556 ξ
107 5460 220 5524 clesiis.
235 5462 346 5540 Quinto
358 5463 504 5542 denique,
521 5463 608 5526 adest
628 5464 711 5527 licus
737 5465 873 5544 ipseper
896 5467 959 5528 sin·
1003 5469 1202 5548 putabimus.
1219 5467 1256 5529 lit
1270 5467 1360 5528 inira:
1376 5466 1437 5530 Ant
1449 5481 1569 5529 dumam
1577 5465 1786 5544 repudiemus
1798 5477 1875 5523 eram

20 5595 25 5644 t
107 5543 240 5618 galeram
255 5545 406 5625 quandam
423 5547 643 5626 protectionem
656 5555 687 5610 et
698 5547 848 5622 virtutem,
864 5547 895 5610 in
908 5565 959 5612 cu·
1006 5553 1140 5615 coeteris
1154 5550 1437 5630 superstitionibus
1451 5549 1664 5622 iudaeorum,
1682 5552 1739 5609 ant
1758 5547 1788 5608 si
1812 5561 1871 5606 au·

105 5623 153 5708 jus
169 5629 213 5690 rci
226 5629 347 5709 signum
363 5630 485 5707 quanda
507 5631 735 5694 tabernaculum
751 5647 766 5692 a
789 5631 893 5713 llayse
908 5633 962 5695 de·
1005 5651 1081 5698 riom
1094 5635 1211 5712 placat,
1225 5633 1377 5714 placeant
1393 5639 1421 5695 el
1434 5630 1556 5694 ludaei
1569 5637 1627 5692 cto.

20 5764 27 5808 Ι,
109 5709 238 5776 dicatum
250 5711 407 5792 esr,ilxod.
423 5713 478 5778 ull.
494 5729 564 5778 mon
576 5713 744 5797 caligosae
756 5714 857 5780 nubas
868 5731 961 5796 quaa·
1047 5715 1194 5794 Tertium,
1225 5733 1261 5780 ex
1275 5716 1435 5780 Ambrosio
1451 5715 1505 5778 lib.
1522 5714 1553 5778 2.
1570 5715 1608 5777 rle
1619 5708 1871 5791 oblatiscopffi.
