4086 6296
265 364 317 416 aas
604 417 607 423 ,
678 339 682 347 ’
710 369 712 374 ’
958 349 964 359 ’
995 357 1037 413 uu
1058 359 1164 418 torus

189 494 313 556 crinem
328 491 391 554 Deo
405 494 534 570 placere
547 506 653 570 posse,
671 491 729 570 qui
744 491 845 554 armis
862 489 982 551 bellicis
997 492 1057 551 mi·
1104 491 1322 569 diumgladio
1337 487 1588 568 pentametros
1603 485 1713 550 similia
1730 493 1803 550 sunt
1817 486 1868 550 illa
1881 488 1979 550 Rom.

188 575 306 638 nistrm
321 580 378 636 etc.
394 574 479 634 idem
507 573 597 634 ducet
624 572 679 632 lib.
696 572 746 632 22.
767 578 871 635 eontra
889 571 1056 646 Faustum,
1106 573 1154 634 12.
1170 571 1258 634 Νιιιιι·
1271 573 1398 634 malum
1410 586 1470 649 pro
1486 571 1573 632 malo
1589 570 1806 647 reddentes,et
1818 586 1891 634 non
1905 587 1986 633 uos·

190 673 261 734 unp.
279 656 330 718 tt.
348 663 379 717 et
393 660 538 733 sequent.
556 659 586 714 et
598 654 668 716 libr.
685 653 715 716 li.
729 655 947 734 quaestionum
959 653 992 714 in
1006 653 1056 715 lo·
1095 656 1253 734 metipsos
1266 655 1473 717 vindicantes
1488 652 1675 715 charissimi
1690 657 1749 713 etc.

190 753 247 798 sue
264 743 383 816 quaest.
402 735 452 796 ill.
1143 736 1352 816 Respondent
1369 735 1482 796 Eadem
1499 739 1678 812 argumenta
1704 733 1863 814 objecisse
1878 732 1982 796 iulia·

231 820 263 878 tt.
282 818 447 894 Gregorius
472 815 528 876 lib.
554 817 581 878 t.
599 815 690 893 epist.
719 833 787 894 cap.
806 817 856 878 tt.
884 815 920 877 ad
937 814 1057 877 Genna-
1101 833 1177 879 nunt
1193 823 1360 896 apostatam
1376 818 1450 878 olim
1465 814 1669 890 Christianis,
1687 821 1720 876 ut
1736 815 1903 892 Gregorius
1921 831 1982 874 na-

191 899 287 960 dinm:
306 899 415 972 Sicut,
432 897 549 975 inquit,
567 899 796 960 exceltentiam
807 901 949 960 nestram
961 899 1058 960 hosti·
1102 901 1267 960 zionzenus
1279 900 1373 960 reiert
1385 899 1522 959 oratione
1536 900 1633 976 prima
1647 897 1677 958 in
1688 895 1982 974 loltnournprocnt

190 981 274 1042 libus
290 980 379 1041 hellis
404 979 442 1041 in
457 979 519 1040 hac
534 981 601 1041 uita
615 979 771 1042 Dominus
785 981 999 1042 uictoriarum
1013 980 1056 1055 ie·
1102 999 1117 1041 a
1134 981 1250 1042 medio.
1266 981 1405 1042 Dicimus
1426 986 1529 1041 autern
1545 977 1665 1058 primo,
1683 979 1760 1040 haec
1775 979 1891 1048 omnia,
1910 981 1984 1040 sire

190 1063 232 1124 cit
248 1065 318 1123 tuce
332 1061 458 1138 fulgere
472 1108 479 1132 ‚
495 1064 545 1122 ila
559 1067 683 1138 oportet
704 1078 778 1123 cant
792 1063 935 1124 inimicis
950 1062 1057 1122 Decle·
1102 1067 1265 1141 praecepio
1281 1108 1288 1132 ‚
1304 1062 1369 1123 sire
1385 1061 1516 1124 consilia
1541 1060 1606 1120 dari
1627 1061 1753 1138 privatis
1769 1060 1954 1121 hominibus
1973 1075 1983 1134 3

187 1145 257 1204 siae
273 1143 343 1222 ejus
358 1143 449 1204 anani
463 1143 636 1204 uiuacitate
651 1145 780 1214 neentis,
799 1149 829 1205 el
844 1144 988 1220 corporis
1004 1141 1057 1204 ab·
1104 1161 1165 1204 nun
1181 1148 1264 1206 anim
1281 1144 1430 1204 Dominus
1445 1143 1493 1205 rel
1509 1143 1669 1222 apostolus
1686 1142 1835 1219 praecipit
1848 1142 1953 1220 judici
1972 1188 1981 1216 ,

187 1225 278 1285 oiure
294 1231 351 1285 etc.
369 1223 407 1284 Ει
421 1241 489 1302 cap.
507 1223 558 1285 tt.
577 1225 612 1285 Si
626 1239 695 1286 non
711 1241 754 1286 ece
767 1223 845 1302 fidei
859 1227 973 1287 nterim
989 1271 996 1288 .
1014 1241 1056 1286 coc
1104 1231 1136 1286 ιιι
1151 1243 1212 1288 non
1229 1227 1337 1304 puniat
1353 1239 1447 1300 eum,
1464 1224 1517 1303 qui
1533 1224 1619 1285 alteri
1642 1222 1716 1285 lecit
1731 1223 1876 1302 injuriam
1892 1271 1900 1294 .
1919 1223 1984 1286 sed

187 1305 387 1368 christianae
400 1306 570 1383 religionis
584 1309 694 1384 pratia
709 1352 716 1376 ,
734 1313 828 1368 tenta
843 1308 1057 1368 eccellentiae
1102 1309 1254 1386 praecipit
1269 1307 1487 1385 uuicuique,ut
1501 1305 1642 1385 proprias
1657 1305 1784 1384 iniurias
1797 1321 1898 1382 aequo
1911 1306 1982 1365 ani·

187 1394 312 1448 oeshae
328 1387 517 1450 bellicorum
531 1393 665 1450 actuum
678 1391 876 1465 prosperitas
891 1389 1055 1459 acerrimi,
1103 1389 1254 1451 moleret:
1272 1390 1390 1450 bellurn
1415 1393 1517 1450 aulem
1544 1387 1582 1448 ad
1612 1385 1766 1464 publicam
1795 1385 1949 1466 justitiam
1969 1432 1979 1458 ,

186 1483 256 1531 non
270 1484 475 1546 summopere
489 1469 650 1531 miranda
663 1471 791 1546 lacerat,
807 1474 865 1533 sed
881 1487 955 1532 cunr
968 1470 1055 1546 sutu-
1102 1487 1164 1532 non
1181 1473 1217 1532 nd
1234 1471 1379 1550 priuatam
1405 1469 1569 1531 uindictam
1595 1467 1729 1546 pertinet
1746 1485 1754 1526 ι
1780 1476 1811 1529 et
1835 1470 1919 1529 sicut
1930 1467 1982 1529 di-

187 1567 243 1612 ras
256 1549 269 1628 (
280 1550 342 1613 Deo
359 1552 518 1628 largiente
530 1549 542 1630 )
556 1553 710 1613 uictorias
724 1567 793 1614 non
809 1552 1057 1630 cumcalipraoi-
1104 1553 1195 1614 lectio
1223 1551 1339 1613 inimici
1356 1597 1364 1624 ,
1395 1549 1432 1612 ad
1460 1567 1552 1627 quarn
1577 1564 1687 1611 omnes
1716 1556 1883 1623 tenentur,
1915 1565 1981 1611 non

188 1633 313 1703 dantia,
329 1633 387 1694 scd
401 1633 505 1710 magis
522 1633 724 1694 orationihus
745 1634 955 1710 praevenitis,
971 1632 1007 1710 pit
1021 1637 1057 1694 ul
1102 1633 1231 1712 impedit
1242 1634 1403 1713 judicem,
1433 1638 1485 1694 aul
1512 1631 1688 1693 carnillccm
1714 1630 1752 1691 ab
1778 1629 1952 1693 officiosae
1968 1649 1979 1706 3

188 1714 248 1774 hoc
263 1716 300 1775 in
314 1720 479 1791 stuporem
492 1715 624 1785 ueniat,
643 1717 732 1794 qrrocl
745 1716 853 1791 pluria
867 1719 974 1776 uestra
988 1731 1058 1778 non
1101 1715 1143 1777 ita
1159 1717 1252 1778 otiam
1282 1731 1343 1777 non
1366 1715 1496 1794 impedit
1524 1713 1639 1775 milites
1668 1717 1699 1774 et
1726 1713 1932 1792 imperatores
1962 1731 1980 1773 a

189 1801 316 1857 terreno
342 1797 476 1858 consilio
491 1842 498 1871 ,
516 1798 574 1858 sad
587 1795 651 1859 Deo
668 1798 808 1874 desuper
831 1798 989 1876 largiente
1004 1799 1058 1859 dc·
1101 1813 1170 1858 suo.

188 1879 335 1939 scandat.
1144 1879 1217 1940 Dico
1232 1885 1389 1957 praeterea
1404 1924 1411 1954 ,
1428 1880 1519 1940 ctiam
1535 1875 1661 1956 priuatis
1677 1875 1753 1938 baec
1772 1893 1832 1938 non
1849 1893 1982 1954 semper

230 1957 395 2037 Gregorius
411 1959 596 2032 Turonium,
613 1960 716 2031 libb.
734 1961 914 2040 histropl.
931 1961 1059 2024 Utinam
1101 1977 1172 2023 esse
1188 1969 1363 2039 praecepta,
1380 1961 1437 2022 sed
1454 1958 1607 2022 interdum
1623 1964 1797 2036 praccepta,
1816 1958 1981 2020 interdum

64 2031 74 2040 ’
188 2045 217 2102 et
231 2057 297 2114 uos,
314 2057 332 2101 o
347 2057 449 2118 repes.
464 2043 503 2104 irc
515 2041 565 2102 his
578 2042 761 2120 procliuia
773 2035 891 2122 quibus
904 2049 1057 2121 parentes
1100 2043 1412 2121 oonsilia3praeoupta
1429 2047 1500 2104 sunt
1516 2054 1642 2117 semper
1655 2039 1686 2099 in
1702 2040 1795 2100 animi
1809 2056 1981 2118 praepara·

186 2123 295 2197 uestri,
312 2125 517 2198 amarescens,
535 2127 572 2184 ul
585 2129 695 2201 gentes
709 2131 817 2186 uestra
829 2141 912 2204 pace
928 2131 1058 2187 conten·
1102 2126 1240 2198 tione,ita
1257 2130 1289 2185 ut
1305 2125 1344 2185 sit
1359 2125 1452 2184 humo
1468 2128 1590 2200 paratus
1603 2120 1754 2199 praebere
1768 2123 1895 2183 alteram
1910 2137 1980 2182 ma-

187 2209 240 2264 lae
255 2207 367 2266 restris
387 2203 511 2266 uiribus
525 2210 764 2284 premerentur.
1100 2206 1251 2279 ribemot
1266 2205 1416 2267 auferenti
1433 2204 1569 2266 tonicam
1584 2203 1658 2263 dare
1674 2201 1765 2263 etiam
1779 2203 1906 2281 pallium
1920 2220 1982 2282 po·

230 2285 262 2346 B.
280 2286 454 2346 bernardus
471 2287 501 2346 in
518 2301 614 2347 serm.
631 2287 669 2348 ad
686 2287 884 2364 mitilescap.
899 2286 1057 2350 3.Aluero
1101 2291 1174 2358 tius,
1193 2303 1284 2366 quam
1302 2287 1399 2348 Deum
1416 2284 1588 2356 alieudere,
1604 2283 1660 2344 sed
1677 2299 1711 2346 re
1729 2283 1793 2362 ipsa
1811 2285 1870 2346 hoc
1886 2301 1982 2362 prae·

190 2365 305 2428 Christi
320 2368 452 2442 milites,
470 2367 692 2448 lnquit,sccrrri
704 2369 916 2446 praeliantur
928 2371 1060 2447 praelia
1100 2375 1182 2431 stare
1198 2375 1399 2446 praeceptum
1425 2373 1495 2438 est,
1514 2365 1638 2446 quando
1654 2367 1827 2426 necessitas
1844 2367 1983 2428 honoris

185 2447 317 2510 Domini
332 2449 405 2518 stri,
422 2464 636 2528 nequaquam
657 2456 857 2525 metuentes,
875 2457 932 2512 ortt
947 2453 988 2512 de
1003 2452 1058 2513 ho·
1103 2451 1156 2512 Dei
1172 2452 1203 2512 id
1216 2451 1322 2527 exigit,
1334 2450 1409 2511 alias
1425 2450 1526 2510 solum
1543 2453 1591 2509 est
1606 2446 1819 2521 consiliumet
1831 2447 1979 2527 aliquan-

185 2529 285 2590 stirrm
301 2531 399 2591 caede
422 2537 614 2608 peccatum,
633 2540 691 2594 aut
705 2534 745 2594 dc
759 2547 823 2593 sua
837 2548 916 2594 nece
928 2535 1058 2610 pericu·
1102 2534 1142 2594 do
1159 2547 1198 2594 ne
1225 2532 1390 2594 consilium
1407 2531 1554 2610 quidem,
1573 2534 1605 2588 ut
1625 2531 1651 2589 st
1668 2544 1706 2588 ex
1731 2543 1769 2588 eo
1785 2530 1866 2608 quod
1883 2546 1981 2607 prae·

188 2609 269 2685 term,
288 2611 559 2690 quandoquidem
572 2628 660 2674 mors
673 2630 733 2691 pro
754 2614 875 2676 Christo
890 2615 941 2676 uel
953 2615 1058 2691 fcren-
1100 2615 1190 2676 beatu
1206 2615 1333 2675 alteram
1350 2614 1504 2674 maxillam
1520 2612 1605 2672 nulla
1626 2609 1767 2686 sequitur
1782 2611 1983 2684 utilitas,nisi

187 2692 254 2764 da,
270 2693 321 2752 ccl
334 2692 531 2768 inserenda,
549 2699 579 2754 et
597 2695 684 2756 nihil
707 2695 826 2757 habeat
841 2696 1010 2771 criminis,
1030 2703 1059 2758 et
1101 2695 1253 2772 quoditie
1274 2693 1387 2756 ilerum
1413 2699 1532 2772 peccat.
1549 2693 1594 2753 lta
1621 2691 1792 2768 respondet
1807 2694 1982 2772 Gregorius

185 2773 367 2848 plurimum
381 2775 507 2852 gloriae
522 2782 698 2839 mereatur.
1104 2779 1309 2838 nazianzenus
1323 2777 1393 2838 loco
1409 2781 1524 2850 notato,
1537 2778 1568 2835 et
1579 2771 1768 2853 Augustinus
1784 2774 1874 2852 epist.
1888 2773 1920 2835 3.
1938 2775 1984 2834 ad

229 2853 264 2913 tt
290 2859 394 2915 contra
421 2855 583 2934 objiciunt.
602 2857 702 2918 Primo
730 2857 905 2933 Scripturas
920 2906 927 2930 ,
945 2875 981 2920 ac
996 2858 1057 2935 pri·
1101 2857 1334 2919 Marcellinum.
1838 2880 1853 2908 ·

186 2951 270 2995 mum
286 2935 377 2997 Deut.
396 2937 447 2997 ab.
465 2937 537 2998 lllea
562 2944 607 2998 est
625 2939 707 3000 ultio
722 2985 729 3012 ,
747 2945 775 3001 el
791 2953 848 3016 ego
863 2939 1057 3002 retribuam.
1144 2938 1289 3001 Secundo
1316 2935 1411 3018 objici
1427 2942 1561 3016 possunt
1587 2935 1644 2998 tria
1664 2935 1786 2998 decreta
1803 2935 1983 2998 Ecclesiae.

185 3017 222 3076 Et
238 3017 322 3079 ltom.
342 3017 472 3080 tillon
485 3033 541 3078 uos
556 3019 766 3094 defendentes
782 3019 1058 3095 charissimi-scri·
1102 3019 1236 3080 Primum
1252 3025 1300 3080 est
1316 3020 1347 3080 in
1364 3019 1498 3081 concilio
1514 3017 1664 3087 nicaeno,
1683 3034 1752 3078 can.
1772 3017 1823 3078 il.
1840 3017 1891 3078 ubi
1907 3034 1985 3095 gra·

183 3103 278 3175 plum
293 3103 338 3159 esl
353 3100 539 3172 erimanthi
552 3101 778 3174 uindictam,et
792 3116 849 3177 ego
864 3102 1057 3164 retribuam.
1101 3101 1228 3162 tissima
1254 3100 1428 3181 injungitur
1453 3099 1643 3178 poenitentia
1660 3099 1718 3170 iis,
1738 3099 1789 3176 qui
1807 3100 1950 3159 rnrliliam
1967 3147 1978 3172 ,

184 3179 372 3256 Respondeo
387 3197 395 3238 ι
413 3179 607 3250 Vindictam,
633 3198 724 3258 quam
752 3188 899 3243 exercent
914 3182 1059 3260 publicae
1102 3182 1152 3243 cui
1176 3183 1456 3254 renunciaverunt,
1473 3181 1666 3259 repetierint.
1685 3179 1863 3241 Secundum
1879 3187 1928 3241 est
1945 3181 1983 3243 in

184 3276 352 3337 personae,
365 3265 449 3322 recle
465 3263 568 3323 rocari
583 3262 748 3324 vindictam
764 3261 893 3337 Dei,Dci
909 3267 991 3326 enirn
1003 3263 1060 3326 mi·
1102 3262 1234 3340 epistola
1251 3263 1282 3324 b.
1298 3263 1412 3324 Leonis
1428 3262 1479 3323 90.
1497 3263 1534 3324 ad
1550 3263 1722 3332 Rusticum,
1740 3268 1771 3322 ct
1787 3263 1916 3323 habetur
1930 3270 1980 3324 et·

185 3341 277 3402 nistri
293 3347 366 3402 sunl
381 3341 413 3403 in
427 3345 487 3404 boo
502 3341 606 3420 ipsum
632 3343 826 3418 servientes,
844 3347 926 3408 unde
942 3346 1056 3409 Paulus
1102 3345 1162 3405 iam
1190 3360 1301 3406 canon.
1329 3344 1542 3420 Contrarium,
1575 3344 1614 3405 dc
1640 3343 1758 3422 poenit.
1784 3344 1922 3404 distinct.
1941 3345 1976 3406 5.

184 3427 350 3501 postquam
377 3422 496 3484 dixerat
510 3425 541 3484 in
557 3424 620 3485 hnc
645 3441 716 3504 cap.
742 3425 792 3486 ti.
810 3425 847 3487 art
873 3427 962 3490 Rom.
977 3429 1058 3490 Mihi
1104 3425 1321 3498 Contrarium,
1337 3426 1438 3506 inquit
1452 3425 1514 3488 Leo
1529 3472 1537 3499 ,
1555 3431 1602 3487 est
1616 3425 1980 3504 ecclesiasticisregulis
2036 3441 2037 3466 ι

185 3504 384 3577 uindictam,
403 3511 432 3566 et
447 3521 505 3584 ego
520 3506 712 3569 retribuam.
730 3506 841 3571 Subdit
856 3507 886 3569 in
903 3509 1056 3588 principio
1099 3517 1172 3586 post
1194 3509 1413 3586 poenitentiae
1436 3509 1599 3570 ortionem
1622 3507 1732 3570 redire
1757 3507 1803 3568 ad
1816 3507 1980 3570 militiam

184 3601 254 3664 cap.
273 3577 366 3648 l3.Si
379 3586 466 3648 orale
482 3589 767 3665 egeris,time,non
782 3591 870 3652 anim
883 3593 954 3654 sinc
967 3607 1059 3653 carrs·
1101 3590 1318 3652 saecularem.
1344 3589 1382 3652 Et
1406 3589 1510 3650 intra:
1533 3589 1604 3651 Non
1629 3593 1674 3650 est
1696 3587 1776 3650 liber·
1801 3604 1823 3649 a
1849 3589 1979 3651 diaboli

185 3683 224 3730 sa
237 3667 388 3745 gladium
402 3673 521 3748 portat,
538 3670 690 3734 minister
704 3673 793 3734 enirn
807 3672 865 3734 Dei
875 3675 1060 3746 estuindem
1102 3672 1228 3752 laqueis
1246 3718 1254 3746 ,
1272 3672 1331 3750 qui
1354 3687 1388 3734 se
1402 3670 1541 3733 militiae
1552 3671 1747 3733 mundanae
1760 3668 1898 3732 uoluerit
1912 3672 1977 3732 irn-

186 3751 226 3810 in
239 3749 327 3811 iram
342 3750 384 3822 ci,
401 3752 460 3828 qui
474 3751 561 3813 male
577 3752 656 3830 cpit.
1097 3753 1238 3832 plicare.
1265 3753 1401 3814 Tertium
1427 3759 1473 3814 est
1506 3751 1644 3830 Gregorii
1662 3798 1670 3824 ,
1699 3752 1807 3812 eadem
1834 3751 1976 3813 distinct.

225 3829 1057 3912 Adduntdeiodeilludisaiae2.Conllubuntglodios
1102 3851 1247 3911 canone,
1289 3835 1422 3908 Falsas,
1451 3833 1505 3895 ubi
1543 3833 1764 3907 dichoreus,
1803 3835 1855 3910 qui
1886 3848 1975 3895 exer-

185 3927 261 3974 suos
275 3913 313 3974 in
327 3927 491 3986 numeres,
510 3919 539 3975 et
554 3915 687 3978 lanceas
701 3931 780 3978 suus
794 3917 833 3979 irc
847 3915 948 3994 falces
964 3963 971 3990 ,
987 3935 1057 3981 non
1104 3923 1177 3979 cent
1192 3917 1351 3994 negotium
1367 3915 1448 3994 quod
1465 3918 1533 3976 sine
1551 3919 1677 3992 peccato
1694 3929 1756 3975 non
1770 3920 1873 3992 potest
1889 3930 1979 3976 exer·

186 3993 305 4056 levabit
318 4009 397 4071 gens
413 4000 529 4058 contra
542 4001 670 4074 pentem
684 3997 914 4074 gladiumnec
926 4015 1055 4063 emerce-
1104 3999 1179 4072 ceri,
1194 4013 1256 4059 non
1274 4013 1346 4060 csse
1362 4012 1493 4075 capaces
1509 3993 1720 4074 poenitentiae
1737 4041 1746 4068 ,
1770 3995 1832 4056 nisi
1848 3997 1978 4076 negotio
2036 4009 2037 4034 ³

185 4075 310 4139 huntur
322 4077 412 4138 ultra
426 4078 472 4140 ad
482 4079 748 4157 praeliumqoae
765 4079 804 4139 de
820 4085 958 4158 tempore
974 4081 1055 4144 chri·
1103 4079 1257 4158 eiusmodi
1274 4081 1447 4152 renunciet,
1465 4083 1495 4140 et
1510 4078 1598 4156 ponit
1611 4075 1779 4156 Gregorius
1796 4077 1978 4156 exemplum

187 4159 286 4219 stlano
302 4157 458 4237 praedicta
475 4166 559 4220 sunt.
577 4161 773 4236 despondeo:
792 4160 898 4222 Solum
913 4163 972 4224 boc
985 4163 1054 4225 loco
1102 4162 1141 4224 dc
1156 4161 1268 4223 milite.

183 4239 374 4314 praedicitur
388 4240 537 4301 altissima
553 4257 612 4318 pax
630 4242 730 4304 lotura
745 4288 753 4318 ,
770 4257 808 4303 eo
824 4249 976 4321 tempure,
993 4261 1054 4322 qno
1142 4241 1326 4321 llespondeo
1342 4241 1379 4302 ad
1395 4240 1550 4320 primurn:
1575 4239 1629 4320 Agl
1645 4239 1684 4302 dc
1699 4239 1739 4302 iis
1754 4286 1762 4317 ,
1780 4237 1833 4320 qui
1849 4239 1889 4301 ob
1902 4255 1977 4302 con·

184 4327 366 4382 nasceretur
382 4319 533 4392 Christus,
550 4329 583 4384 ut
598 4323 630 4383 b.
647 4323 853 4404 Hieronymus
870 4326 1007 4402 exponit,
1025 4331 1056 4388 et
1100 4324 1270 4386 iussionem
1286 4323 1358 4384 ildei
1383 4322 1489 4400 privati
1511 4322 1632 4385 ruerant
1662 4322 1788 4401 cingulo
1817 4322 1974 4383 militaria

185 4401 348 4478 impletum
376 4417 446 4463 esse
461 4403 580 4466 scimus
603 4410 742 4482 tempore
757 4406 885 4484 Augusti
902 4406 1054 4470 Caesaris.
1101 4405 1305 4474 Diocletiano,
1324 4404 1370 4466 rel
1386 4403 1580 4478 abicinio,et
1592 4408 1699 4482 postea
1711 4402 1894 4484 repetebant
1910 4405 1978 4465 cin·

184 4480 265 4543 illud
281 4483 364 4544 enim
381 4482 508 4562 (ultra)
525 4501 588 4546 oon
604 4485 806 4564 significatio
822 4489 1055 4562 aeternnmsed
1102 4486 1221 4566 gutum,
1236 4488 1332 4564 parati
1348 4502 1464 4564 negare
1479 4485 1586 4547 fldem.
1603 4485 1681 4548 Vide
1696 4483 1846 4548 Zonaram
1861 4492 1892 4547 et
1907 4485 1976 4546 Bal·

184 4565 216 4624 in
231 4564 361 4642 longum
376 4565 674 4642 rempusrraererea
691 4567 885 4630 etiamsinon
901 4570 1057 4633 cssethoc
1104 4583 1266 4629 samonem
1278 4567 1312 4628 in
1329 4583 1399 4630 eum
1415 4583 1579 4642 canonem,
1610 4572 1641 4628 ct
1662 4565 1817 4628 Bullinum
1845 4566 1902 4629 lib.
1921 4567 1976 4630 th.

183 4645 357 4722 impletum,
374 4645 453 4706 nibil
469 4645 542 4710 inde
557 4648 809 4728 concluderetur3
827 4667 972 4713 namnon
986 4669 1055 4728 pro·
1105 4649 1180 4710 hist.
1204 4665 1274 4726 cap.
1298 4647 1329 4710 6.
1352 4655 1384 4710 et
1412 4663 1492 4726 quae
1508 4665 1566 4710 nos
1589 4648 1773 4728 scripsimus
1795 4647 1835 4712 de
1859 4649 1917 4711 hac
1941 4663 1977 4711 re

185 4726 274 4789 hibet
288 4725 385 4788 isaias
411 4726 528 4790 bellum
543 4775 551 4802 ,
569 4729 596 4791 si
612 4729 818 4801 sinthasius,
835 4732 888 4810 qui
904 4749 961 4794 nos
978 4733 1053 4795 inic-
1103 4731 1158 4792 lib.
1174 4731 1206 4792 2.
1230 4733 1269 4792 de
1292 4731 1447 4802 conciliis,
1465 4747 1534 4809 cap.
1548 4728 1579 4792 8.

183 4815 284 4880 stent,
302 4809 357 4870 sed
375 4808 526 4888 praedicit
540 4810 696 4888 tutorum,
713 4820 746 4874 ut
761 4813 838 4874 nolli
854 4814 916 4875 sint
931 4815 1049 4876 hostes.
1107 4877 1110 4883 ,
1138 4813 1181 4873 hd
1198 4815 1372 4874 secundum
1386 4818 1417 4874 ct
1433 4812 1554 4874 tertium
1571 4811 1652 4874 dico:
1669 4809 1724 4890 hgi
1736 4811 1775 4873 dc
1791 4809 1842 4884 iis,
1856 4810 1909 4890 qui
1923 4826 1976 4872 oc·

184 4891 290 4953 Donec
305 4889 397 4970 igitur
411 4897 484 4952 sunt
499 4892 711 4966 hostes,eliam
729 4895 845 4956 bellum
860 4895 923 4973 geri
939 4903 1051 4973 potest.
1098 4896 1226 4956 casiano
1241 4894 1369 4956 militiae
1384 4895 1481 4956 multa
1495 4900 1621 4974 peccata
1639 4893 1860 4955 commiserant
1877 4938 1885 4964 ,
1904 4892 1976 4972 qui·

183 4971 288 5034 Potest
302 4973 395 5034 etiarn
411 4972 471 5034 dici
488 4975 681 5050 praedictum
706 4991 778 5038 esso
794 4992 922 5055 regnum
940 4977 1051 5039 Christi
1098 4992 1158 5055 que
1174 4983 1336 5055 propterea
1349 4975 1571 5054 poenitentiam
1585 4985 1724 5054 egerant.
1739 4974 1794 5037 isti
1806 4975 1890 5060 enim
1906 4989 1975 5034 ma·

183 5052 249 5114 lore
261 5067 392 5130 regnum
408 5053 583 5132 pacificum,
602 5057 854 5136 quandoquidem
873 5074 932 5119 non
950 5067 998 5120 est
1013 5060 1052 5122 dc
1097 5058 1128 5120 le
1143 5057 1269 5132 iaciunt,
1287 5058 1311 5119 si
1328 5059 1365 5119 ad
1382 5057 1521 5118 militiam
1543 5057 1688 5130 redeunt,
1720 5059 1751 5117 in
1775 5073 1835 5135 qua
1850 5055 1975 5134 experti

185 5135 245 5195 noc
260 5136 388 5207 mundo,
407 5153 466 5196 nec
482 5138 661 5214 temporalia
677 5144 808 5213 curat‚et
823 5139 853 5199 in
871 5141 930 5202 hoc
945 5141 1052 5201 distin·
1099 5146 1182 5213 sunt,
1205 5156 1239 5201 se
1255 5139 1323 5201 sina
1338 5144 1465 5216 peccato
1478 5141 1580 5201 rivere
1597 5155 1657 5201 non
1672 5154 1779 5217 posse,
1797 5154 1858 5200 non
1876 5153 1914 5199 ex
1929 5139 1977 5198 ri·

186 5214 238 5292 gut
255 5231 270 5276 a
286 5229 382 5292 regno
394 5214 541 5294 jndaico,
566 5219 649 5297 quod
675 5220 758 5282 bello
787 5228 818 5282 et
843 5221 990 5284 caedibus
1003 5221 1053 5283 ιιι·
1099 5221 1141 5282 tio
1158 5221 1296 5292 militiae,
1311 5221 1366 5282 sed
1381 5237 1417 5282 err
1430 5221 1601 5299 proprio,et
1616 5225 1690 5282 tunc
1705 5220 1875 5298 praecipua
1891 5217 1976 5279 male

185 5291 331 5356 mundum
348 5302 378 5357 et
393 5303 640 5362 conservandum
657 5301 725 5363 luit.
1099 5303 1225 5376 iaciunt,
1243 5303 1366 5379 qnando
1382 5302 1564 5379 imperatum
1578 5302 1625 5364 eis
1641 5302 1770 5363 lucrata
1786 5299 1971 5374 sacerdote,

224 5375 366 5452 Denique
382 5377 533 5456 objiciunt
547 5382 598 5442 illa
616 5384 706 5444 rerba
722 5383 828 5446 liattlr.
841 5384 871 5446 5.
885 5383 921 5447 Si
935 5386 1008 5464 quis
1022 5390 1051 5446 lo
1098 5399 1138 5446 oe
1153 5387 1190 5448 acl
1207 5385 1347 5446 militiam
1362 5381 1511 5446 redirent.
1526 5383 1562 5446 Ει
1577 5384 1659 5463 quod
1678 5397 1783 5445 rerem
1808 5383 1859 5444 isti
1876 5396 1971 5443 cauo·

181 5457 427 5538 pcrctteseritin
441 5473 545 5525 urtam
556 5465 870 5544 mamillampraebe
885 5467 915 5528 ei
930 5472 959 5528 et
975 5458 1065 5528 alto·¹
1100 5483 1155 5528 nos
1172 5481 1234 5528 non
1251 5466 1434 5542 prohibeant
1450 5467 1591 5529 absoluto
1609 5465 1768 5538 militiam,
1786 5470 1868 5543 patet
1884 5477 1922 5524 ex
1939 5463 1974 5523 li·

183 5557 271 5604 ram:
287 5543 316 5602 et
330 5539 454 5618 diligite
469 5544 622 5608 inimicos
636 5553 757 5610 uestros
771 5566 781 5606 .·
797 5549 974 5626 berrctucitc
989 5547 1049 5622 his,
1099 5563 1138 5609 ne
1155 5547 1237 5610 illius
1251 5547 1390 5622 canonis,
1409 5547 1514 5610 Falsas
1532 5593 1540 5620 ,
1562 5547 1613 5608 uhi
1638 5553 1838 5624 posteaquam
1856 5544 1974 5606 dictum

185 5625 244 5704 qni
257 5638 311 5688 uos
327 5622 478 5688 oderunt.
496 5625 531 5689 Ει
546 5627 651 5693 llattlr.
668 5629 719 5694 26.
737 5629 798 5706 Qui
810 5631 970 5709 acceperit
981 5631 1051 5710 glu-
1099 5631 1197 5694 lucrat
1215 5631 1292 5692 malo
1314 5630 1416 5693 iacere
1444 5646 1511 5708 eos,
1535 5631 1588 5708 qui
1605 5633 1674 5707 pust
1692 5627 1913 5708 poeniteutiam
1938 5629 1977 5688 ad
