4110 6310
824 312 867 370 ue
887 312 1081 373 tbttdtbtttbs
1100 312 1299 374 striet'bttttt
1686 389 1688 400 Ι
1729 377 1730 380 ,

520 448 639 514 eleba
652 447 714 512 llll.
1095 453 1202 528 postea
1215 451 1254 514 ad
1269 449 1447 526 concilium,
1476 449 1683 530 ouodbouoo
1692 452 1870 536 &monus
1883 468 1975 533 papa

490 571 492 576 ·
950 577 954 586 .
1095 531 1379 596 celebrauitcootra
1395 533 1894 606 eunderndrnecorsnterrorem,
1910 535 1975 600 mi·

348 615 487 680 soluitur
498 618 727 694 ornamentum
747 613 886 678 tertium.
1095 615 1176 678 sisse
1202 613 1342 680 Curatum
1370 617 1511 698 blapunm
1533 617 1700 697 episcopos
1721 619 1901 690 duodecim,
1927 633 1973 681 ex

1095 696 1270 776 praecipuis
1285 700 1384 778 regni.
1401 701 1465 777 Qua
1482 715 1555 778 erpo
1566 701 1693 764 audacio
1704 702 1870 766 cenomani
1881 700 1973 766 clari·

221 779 309 856 Quod
324 785 424 842 nartem
441 797 479 844 ex
492 779 581 844 libris
595 778 694 843 Caroli
709 777 862 850 adierunt,
879 778 912 844 in
938 776 1051 858 quibus
1096 778 1316 851 stiauissirnunr
1332 785 1506 866 prinoipem
1520 783 1553 845 ln
1563 781 1792 849 ‘iconoclastam
1817 783 1972 847 transier-

180 861 1050 942 prsocipuumbrmamentumcaussuesuaeconstituunt:
1097 879 1179 924 rnaro
1195 865 1350 927 nitunturt
1365 866 1546 944 praesertim
1561 881 1631 932 curn
1656 867 1750 931 Paulo
1775 866 1906 930 lerntlio
1933 866 1971 928 io

180 945 254 1008 bico
269 944 434 1008 coslibros
449 960 637 1025 accusasse
652 945 882 1024 sacratiorque
897 941 1052 1025 ejusmodi
1096 945 1153 1007 buc
1176 954 1261 1024 parte
1286 947 1494 1012 assentiantur
1517 948 1799 1030 llogdeburgenses
1824 948 1915 1016 dent.
1932 947 1970 1012 8.

180 1028 295 1110 quibus
310 1027 371 1090 uita
384 1026 464 1094 fides
478 1028 586 1092 baberi
601 1029 711 1106 possit.
730 1075 734 1086 .
1094 1043 1163 1106 cap.
1179 1028 1212 1092 a.
1227 1030 1287 1110 col.
1302 1030 1375 1094 illi.
1529 1077 1532 1084 .

222 1109 309 1186 Quod
325 1109 423 1174 Caroti
439 1127 501 1174 non
517 1110 590 1186 sint,
607 1111 752 1188 probatur
766 1109 879 1185 Primo,
902 1110 973 1188 quia
999 1125 1050 1170 ex·
1114 1175 1117 1180 ,
1136 1111 1384 1188 Quintmcoostat
1398 1128 1435 1178 ex
1448 1111 1584 1178 istoricis
1597 1113 1789 1187 omnibus‚et
1803 1130 1841 1178 ex
1862 1111 1970 1194 ipsius

183 1197 242 1256 stat
257 1193 336 1255 liber
349 1192 474 1257 Adriani
490 1209 588 1273 papae
603 1193 629 1256 Ι.
645 1195 683 1256 nd
707 1193 859 1265 carolum,
876 1193 907 1254 in
929 1207 990 1270 quc
1015 1193 1050 1254 li·
1095 1191 1193 1258 Caroli
1209 1195 1350 1273 epistolis
1364 1203 1396 1260 et
1409 1197 1708 1270 carminibus‚iruuto
1722 1213 1760 1260 ex
1774 1197 1853 1278 ipsis
1867 1196 1970 1260 rebus

180 1274 229 1338 bri
243 1275 294 1337 isti
309 1282 450 1338 accurato
464 1276 660 1352 relctluntur3
682 1291 720 1339 en
735 1292 796 1355 quo
823 1275 945 1338 idriam
970 1275 1050 1338 libro
1092 1279 1200 1356 gestis.
1217 1277 1357 1342 darolnm
1372 1287 1402 1341 et
1416 1279 1582 1349 bdrionunr
1597 1295 1723 1359 semper
1743 1276 1968 1360 coniunctissi-

181 1357 1051 1440 perspicneinteltigitorlibrosistosnbaliquohaeretico
1095 1376 1163 1424 mos
1178 1361 1391 1426 taissotbrtnt
1404 1363 1506 1426 adbuc
1519 1362 1643 1424 bdrieni
1656 1363 1845 1442 epitrpbium
1857 1362 1972 1424 abim-

182 1440 370 1520 compositus
387 1473 395 1515 ·,
413 1448 442 1504 et
457 1460 473 1504 a
489 1441 596 1506 barolo
611 1443 648 1504 nd
664 1443 842 1521 pontificem
864 1440 991 1516 missos,
1015 1448 1049 1504 ut
1095 1449 1235 1522 peratore
1250 1443 1359 1508 Carolo
1374 1461 1436 1508 non
1451 1447 1554 1507 minus
1568 1446 1832 1525 clepootsr‚qnarn
1845 1445 1901 1525 pie
1912 1447 1970 1508 de·

183 1523 230 1586 eis
244 1523 458 1602 responderet.
476 1523 553 1588 Esse
569 1531 670 1588 auteur
685 1524 808 1589 Adriani
826 1525 909 1588 bunc
923 1523 1048 1596 librum,
1095 1525 1246 1606 scriptum
1260 1527 1341 1608 apud
1357 1528 1517 1602 Plotinam,
1533 1527 1625 1609 ouius
1639 1528 1701 1592 boc
1715 1535 1763 1592 est
1775 1528 1913 1591 initium:

180 1605 234 1685 qui
250 1611 347 1668 castel
361 1607 393 1669 iu
408 1608 497 1669 tortio
510 1614 595 1670 tomo
610 1607 896 1683 conciliorum,cuna
912 1607 1049 1682 aliunde,

52 1724 54 1732 ·
180 1689 786 1768 tumetinmcnlroneintelligipotest:
815 1690 866 1770 qui
893 1689 987 1752 ruulta
1012 1705 1051 1752 ex
1130 1725 1439 1794 mmmm
1464 1727 1566 1782 Roma,
1587 1725 1685 1796 dms,
1705 1704 1830 1796 indm,
1852 1725 1970 1793 wem.

182 1853 349 1920 transtulit.
640 1909 641 1912 ,
1135 1871 1187 1926 Vir
1198 1870 1244 1926 cui
1255 1871 1326 1938 otto,
1339 1870 1542 1941 conspecu,
1560 1869 1732 1944 barpbmc,
1755 1868 1898 1928 coeatur:

220 1936 500 2010 Secundo,coustot
514 1953 551 2000 es
566 1935 703 2010 historiis
719 1936 902 2004 Graecorum
930 1943 962 2016 pt
972 1935 1051 2000 Lati·
1130 1943 1232 2008 Pastor
1244 1943 1427 2013 apostolicus,
1439 1947 1587 2016 promptas
1599 1949 1639 2000 nc
1650 1955 1732 2008 omae
1744 1940 1858 2000 bouem

180 2023 339 2095 norum,ut
353 2019 486 2089 Zonaras
502 2027 532 2081 ot
547 2018 678 2083 Cedreui
693 2022 724 2082 in
739 2019 797 2082 aito
813 2020 927 2082 Leonis
942 2019 1050 2094 isauri,

180 2117 302 2164 necnon
326 2101 410 2168 Pauli
436 2103 556 2168 diaconi
583 2102 614 2164 in
642 2104 701 2165 rita
728 2103 878 2180 ejusdem.
907 2118 1051 2165 romanos
1368 2143 1371 2154 ·
1459 2121 1600 2187 315an

182 2183 359 2266 pontifices.
387 2184 565 2262 Gregorium
592 2184 647 2247 lll.
675 2185 842 2248 adrianum
869 2186 894 2248 l.
921 2191 953 2247 et
975 2184 1052 2247 Leo·

179 2282 251 2330 nem
266 2265 490 2362 lll.·dclecisse
507 2268 657 2362 angra-ecia
673 2268 919 2362 imperatoribus,
934 2282 988 2331 eos
1000 2283 1051 2363 en·
1095 2288 1164 2346 po„
1175 2289 1410 2362 ,mmmm
1421 2287 1602 2360 mmmm
1614 2288 1685 2346 rm„
1696 2285 1828 2347 omma
1838 2284 1971 2357 mpori,

180 2365 439 2424 communicasse,
455 2351 613 2428 uectigalia
631 2351 676 2412 eis
693 2351 785 2413 tribui
800 2367 837 2414 en
848 2351 933 2414 ltalia
947 2351 1051 2427 probr-
1133 2363 1171 2420 rtc
1182 2363 1254 2419 anibi
1266 2361 1359 2418 anteo
1370 2375 1462 2428 cosm,
1475 2367 1501 2416 ic
1513 2361 1596 2416 modo
1608 2361 1715 2433 pionpo
1726 2363 1819 2430 pater.

179 2433 300 2502 baisse,
317 2448 414 2511 seque
432 2433 461 2492 in
479 2433 603 2495 tutelam
618 2433 807 2496 Francorum
824 2433 1051 2508 contulissem·
1097 2434 1135 2490 io
1147 2449 1252 2492 memor
1265 2439 1323 2492 esto
1335 2434 1402 2499 ruci.
1415 2433 1543 2502 resiliit&
1554 2447 1632 2493 mm
1645 2448 1710 2492 men
1721 2445 1844 2504 mitra

185 2532 245 2593 que
261 2515 292 2575 in
308 2531 364 2577 ens
380 2515 501 2576 tandem
523 2515 687 2591 imperinm
714 2518 921 2589 transtulisse,
949 2531 983 2578 en
1010 2516 1051 2578 de
1094 2593 1096 2598 Ι
1134 2505 1203 2566 Cim
1219 2507 1326 2564 Chimo
1340 2509 1437 2567 limiti
1449 2520 1539 2577 ’ΨΜ
1551 2505 1719 2583 ieotopott.

184 2613 294 2660 caussa
311 2597 574 2676 praecipuequod
591 2598 694 2678 graeci
709 2599 911 2678 imperatores
924 2599 1052 2661 haeresi
1141 2661 1146 2668 ,
1539 2669 1541 2674 ,

181 2679 436 2742 iconomocorum
457 2681 732 2759 patrocinarentur,
760 2699 829 2744 oum
856 2681 1051 2744 econtrario
1136 2679 1213 2744 llum
1228 2678 1379 2746 credibile
1390 2685 1439 2743 est
1449 2676 1541 2757 igitur
1552 2675 1693 2742 eurotam
1704 2677 1831 2742 ulterius
1841 2675 1975 2756 rottpio-

179 2761 367 2824 Francorum
383 2778 471 2842 reges
488 2763 519 2824 in
532 2761 729 2841 ssdeantiquo
741 2770 919 2830 constantes
931 2771 1048 2826 essent:
1096 2763 1146 2826 nis
1174 2763 1297 2828 colidei
1312 2763 1419 2837 luisse,
1436 2777 1528 2840 quarn
1553 2760 1718 2824 Adrisoum
1729 2760 1746 2824 i
1759 2765 1792 2824 et
1805 2760 1838 2824 iu
1863 2759 1973 2837 ipsum

180 2845 342 2921 Quomodo
357 2861 430 2924 crgo
442 2845 608 2908 verisimile
621 2852 668 2909 est
680 2844 822 2927 carolum
833 2845 1051 2922 imperatorem
1095 2846 1260 2910 idriaoum
1275 2853 1335 2908 mm
1350 2846 1462 2908 acriter
1475 2842 1729 2923 scripsissemus
1743 2858 1813 2909 eum
1827 2848 1973 2924 tantope-

179 2927 289 2992 ecdem
304 2928 425 2990 baerest
437 2927 606 3010 laborasse,
624 2935 656 2990 et
679 2945 735 3007 pro
751 2945 854 2992 errore
866 2929 1050 2992 Graecorum
1094 2945 1129 2993 re
1145 2928 1286 3002 coluerit,
1302 2935 1333 2992 et
1348 2935 1417 3006 post
1431 2926 1550 2993 obitum
1565 2925 1722 2990 laudarit?

178 3018 285 3078 contra
300 3027 458 3073 romanum
474 3010 651 3089 pontificem
666 3011 860 3092 scripsisset
879 3013 940 3074 Sed
957 3014 1049 3075 rerba
1136 3009 1278 3090 Denique
1293 3019 1412 3095 certum
1426 3017 1475 3072 est
1488 3008 1629 3074 carorum
1642 3008 1800 3072 bominem
1812 3023 1929 3086 graece
1940 3013 1973 3072 et

180 3093 318 3156 Zonaras
333 3093 504 3157 audiamus.
1051 3132 1055 3143 ·
1093 3093 1190 3160 latine
1205 3096 1337 3173 peritum
1353 3139 1363 3170 ,
1382 3094 1568 3172 prudentem
1598 3099 1630 3154 et
1643 3091 1839 3170 ingeniosum
1856 3090 1970 3160 tuisse.

219 3174 864 3320 lpitcrinqnitfflopodroporiosdeacrio
874 3181 1054 3258 imperatu-¹
1095 3177 1167 3240 libri
1182 3185 1285 3244 autem
1297 3178 1362 3250 isti,
1379 3177 1514 3238 bominis
1538 3175 1672 3246 barbari,
1701 3173 1848 3252 imperiti,
1875 3174 1971 3248 loris,

178 3259 448 3330 risobodieotioo
479 3273 666 3337 perversum
676 3259 765 3321 iltius
778 3261 977 3339 opimiorem.
990 3278 1048 3340 po·
1093 3256 1651 3338 acpenestultiessoridentur.llam
1674 3255 1974 3336 Constantinopolim

181 3357 249 3404 cem
264 3357 339 3405 cttm
353 3341 492 3404 Francis
504 3340 590 3418 iecit,
607 3357 682 3404 cum
694 3343 788 3421 pricos
801 3359 899 3422 saepe
909 3344 1052 3406 dedisset
1096 3343 1205 3408 urberu
1222 3343 1413 3408 notissimum
1430 3344 1462 3402 in
1477 3340 1616 3421 liitbpnin
1631 3355 1715 3412 erse,
1731 3339 1817 3412 dicit,
1834 3355 1908 3402 cum
1920 3355 1973 3402 ne·

181 3437 328 3502 operam,
344 3429 380 3486 rat
394 3423 534 3486 Leonem
546 3439 607 3503 per
620 3425 731 3488 literas
743 3424 784 3486 ob
800 3425 874 3488 odio
889 3426 947 3488 Dei
959 3441 1049 3490 reuo-
1096 3443 1147 3492 mo
1164 3426 1280 3490 nesciat
1295 3443 1366 3489 csse
1381 3426 1411 3487 in
1427 3423 1631 3497 Thrasimnisi
1648 3421 1810 3502 fortericia
1826 3423 1973 3498 frequen,

182 3506 942 3587 concisiquecdcuiturnsncrcrrtnaimcpirrum
952 3511 1050 3574 redu·
1096 3514 1144 3575 tes
1157 3510 1201 3574 ibi
1220 3513 1423 3574 terraemotus
1437 3506 1527 3579 fiunt,
1543 3505 1643 3568 solum
1660 3504 1832 3569 mutaverit.
1848 3505 1969 3568 liciudo

182 3591 316 3652 cercillt
327 3589 402 3652 inire
413 3589 442 3659 in
455 3589 512 3651 rita
526 3588 794 3653 lrencssldriorto
804 3592 918 3654 ueteris
930 3591 1051 3655 maroe
1097 3593 1263 3658 concilium
1279 3609 1334 3672 pro
1349 3592 1433 3654 cultu
1448 3588 1617 3668 imaginum
1633 3586 1901 3666 Consentinopoli
1923 3605 1972 3652 ce·

180 3689 272 3750 popo
285 3678 411 3735 mortuo
427 3671 486 3734 beo
500 3671 650 3751 suffectus
664 3677 722 3742 est,
737 3673 785 3735 uis
799 3675 996 3738 reuerendus
1022 3679 1052 3737 ct
1096 3673 1247 3742 icbrntum
1274 3675 1396 3743 asserit.
1412 3678 1600 3736 cunctamen
1628 3670 1757 3734 llicaeae
1779 3669 1973 3734 celebratum

181 3755 394 3828 inamabilis,
411 3753 468 3832 ont
482 3769 558 3818 cum
571 3771 605 3818 sc
620 3756 666 3819 cd
682 3753 833 3820 dorcium
847 3755 1051 3822 Francorum
1097 3775 1189 3824 neruo
1201 3761 1241 3824 sit
1252 3760 1304 3842 qui
1317 3756 1509 3831 nosciaintst
1519 3754 1572 3834 qui
1584 3753 1661 3816 nibil
1674 3753 1795 3832 legitzet
1808 3753 1893 3831 quod
1906 3769 1972 3832 grn-

181 3836 539 3915 repemcootulissct,ob
554 3839 1053 3919 eoicmporellcrraaibortcipo·
1097 3844 1165 3904 vius
1180 3849 1240 3916 est,
1257 3859 1313 3922 per
1328 3841 1512 3904 calumniam
1528 3844 1559 3914 et
1580 3837 1776 3900 mendacium
1798 3838 1896 3900 multe
1921 3837 1972 3898 tri-

182 3921 233 3983 titi
246 3919 450 4004 semicoctae
468 3919 607 3983 cLeone
621 3922 1056 3996 consonantissimam
1096 3923 1197 3986 buunt
1212 3927 1262 3988 isti
1277 3925 1347 3989 libri
1363 3922 1506 3985 Nicaenis
1531 3919 1684 3994 Patribus,
1702 3934 1781 3998 quae
1810 3935 1971 3996 uunquam

182 4004 380 4082 incpcrctore
394 4001 760 4082 nppcttaomompopa
784 4004 955 4084 dropcrirts
969 4007 1056 4070 nibil
1098 4006 1251 4078 dixerunt,
1274 4014 1306 4070 et
1329 4005 1495 4078 interdurn,
1521 4017 1603 4084 quae
1627 4001 1793 4064 aduersarii
1817 4001 1970 4064 dixerant:

182 4084 308 4149 sibirci
321 4101 388 4148 csse
402 4085 505 4148 ootcit
519 4087 719 4164 cumimpiis
734 4087 889 4150 ccclesiae
904 4096 1060 4152 constare.
1097 4091 1189 4164 quale
1201 4096 1249 4153 cst
1264 4090 1439 4168 illudquod
1454 4085 1643 4150 eucharistia
1657 4085 1698 4147 sit
1712 4084 1815 4164 imago
1830 4083 1972 4162 corporis

182 4165 1055 4248 cinopotitcncopubcrnotoribus;etpoccmcttrnFron·
1098 4171 1223 4237 Christi:
1239 4174 1321 4254 quod
1338 4187 1402 4234 nou
1417 4169 1517 4234 sotum
1533 4169 1637 4232 Patres
1651 4168 1773 4230 nicaeni
1787 4183 1850 4230 nou
1864 4167 1972 4229 delen·

185 4252 231 4314 cis
245 4251 331 4328 iecit.
1099 4257 1186 4330 duct,
1204 4263 1237 4318 ut
1251 4257 1309 4319 iste
1324 4263 1431 4318 ructor
1458 4251 1602 4328 somniat,
1618 4250 1676 4314 sed
1691 4251 1784 4313 etiam
1798 4266 1837 4311 ex
1851 4248 1970 4328 proles·

224 4331 446 4406 lertiosoribit
460 4332 555 4395 Jonas
570 4333 795 4398 aurelianensis
810 4335 854 4399 lib
871 4337 900 4398 l.
918 4335 957 4400 de
969 4336 1055 4399 cultu
1099 4355 1136 4400 so
1149 4337 1306 4402 rciellunt.
1322 4339 1410 4400 Unde
1422 4335 1543 4414 accepit
1570 4333 1715 4398 delricus
1740 4331 1870 4394 alterius
1884 4347 1971 4402 men·

185 4414 354 4492 imaginum
384 4413 510 4492 (floruit
523 4420 625 4476 autem
639 4414 732 4480 Jonas
749 4425 886 4498 tempore
908 4419 1054 4482 Ludorici
1099 4420 1179 4482 docti
1194 4422 1402 4486 occasionem.
1420 4419 1498 4497 Quia
1512 4418 1598 4481 enim
1612 4414 1814 4480 imnemacbi
1828 4413 1970 4478 dixerant

185 4495 242 4572 ert,
259 4496 357 4562 Caroli
373 4496 454 4574 brit),
471 4495 629 4561 Claudiurn
644 4501 866 4566 taurinensem.
894 4502 963 4582 ejus
985 4502 1056 4564 bne·
1099 4501 1191 4565 utrum
1207 4505 1305 4566 sotum
1321 4503 1490 4583 imaginem
1502 4499 1704 4572 adorandam,
1720 4497 1813 4574 idest,
1826 4496 1971 4560 cuchari·

185 4579 265 4644 retiis
281 4586 455 4659 patronum.
482 4585 544 4642 tolo
569 4587 708 4659 tempore
733 4601 795 4664 quo
817 4586 891 4648 vixit
917 4583 1056 4655 Carolus,
1102 4584 1203 4652 stiam.
1219 4594 1310 4664 atoue
1324 4587 1386 4650 boe
1409 4585 1525 4648 dictura
1546 4580 1796 4654 ,Psendooarolus
1821 4580 1970 4642 nicaenam

184 4677 352 4742 numquam
367 4661 462 4726 luisse
474 4678 583 4724 ausum
594 4664 869 4746 mutirc,idemque
881 4668 1056 4740 ibidem,ai·
1103 4669 1221 4750 syuodo
1236 4669 1426 4738 attribuerat,
1442 4667 1567 4730 Gnlriuo
1582 4665 1700 4744 placuit
1717 4663 1758 4728 ita
1783 4679 1849 4726 reru
1876 4668 1969 4724 totam

184 4745 1057 4829 rumpiissimnmacsaoctacmemoriaoCarolunrbupm
1101 4751 1261 4816 immutare
1289 4752 1458 4816 aodicnre:
1486 4748 1711 4812 doomemoc
1730 4761 1791 4810 stro
1817 4745 1966 4818 soleanrtt,

185 4833 268 4892 stum
282 4828 429 4910 appellat.
446 4827 476 4890 Si
493 4840 567 4906 ergo
582 4827 792 4903 monomachi,
818 4833 940 4896 virente
966 4831 1057 4896 Gero-
1097 4835 1260 4912 plaudite,
1276 4833 1391 4912 iubrtlo
1403 4832 1680 4907 cormocditur
1693 4829 1844 4893 coemo
1858 4827 1968 4906 (sinti-

185 4910 1054 4991 lc‚nonaudebantbeeresinrsuampraedicarersidolen·
1099 4919 1363 4982 rumocoocilio
1375 4915 1537 4995 nicoeno)
1565 4915 1735 4992 pompat
1760 4919 1789 4975 ot
1810 4911 1965 4982 meret,

187 5009 275 5062 sores
291 4993 457 5072 imaginum
472 4992 624 5069 cerotum,
654 4997 785 5075 utpium
801 5005 1055 5062 aesauctumac·
1102 5000 1161 5081 qui
1176 4999 1459 5066 dissertacones
1480 4999 1671 5078 &nomenti
1696 4992 1897 5072 imiimi
1916 4993 1969 5060 *Ἥ

186 5075 388 5151 nerubuntnr,
404 5082 515 5155 quanta
532 5075 722 5154 impudentia¹
743 5085 801 5153 est,
827 5081 1053 5146 librosoontrc
1103 5079 1256 5162 rtfferatni·
1268 5084 1356 5160 Quod
1371 5089 1419 5147 est
1434 5083 1629 5144 mendacium
1651 5077 1966 5157 impudentissimum

186 5157 666 5236 lmidnescarotosttribuorei
899 5213 900 5220 .
987 5207 996 5220 .,
1105 5165 1682 5230 Conciliumcoimnicaenumtaotum
1696 5162 1845 5231 abest.ut
1865 5161 1967 5221 rotce-

229 5239 352 5316 Quartc,
369 5242 475 5306 scribit
490 5241 601 5310 Paulus
615 5242 764 5308 Aemilius
778 5244 945 5312 tibnbist.
959 5245 1053 5308 liran-
1101 5249 1337 5328 rit-imaginibus
1347 5247 1532 5312 socriilciurn
1543 5245 1694 5315 offerrimt
1705 5244 1821 5307 diserte
1833 5244 1864 5304 iu
1875 5243 1967 5306 acuo·

188 5335 308 5394 corum,
331 5339 453 5386 nocnoo
468 5324 608 5404 Rbepino
634 5327 664 5386 in
690 5325 838 5392 chronico
862 5329 894 5392 in
921 5329 1054 5396 concilio
1098 5347 1139 5396 ue
1153 5333 1283 5409 septima
1295 5331 1496 5396 declaraverit
1508 5345 1685 5410 non-aeram
1699 5329 1830 5402 tautam,
1846 5325 1903 5388 sed
1914 5323 1968 5388 lto·

187 5403 321 5478 ouodam
337 5403 497 5472 (lentiliaci
512 5416 629 5478 coacto,
646 5407 787 5486 Pipinuna
809 5427 928 5492 regern,
954 5410 1053 5475 Caroli
1100 5415 1250 5482 corariam
1266 5421 1382 5478 tontum
1395 5414 1607 5483 adorationem
1621 5411 1814 5491 imaginibus
1838 5406 1964 5470 dolerri.

187 5485 289 5582 llagoi
305 5491 433 5581 patrem,
450 5488 637 5584 Graecorum
662 5508 797 5556 errorem
820 5500 924 5557 contra
950 5511 1056 5560 sacros
1141 5498 1274 5560 deamat
1288 5495 1542 5576 postremorum
1556 5494 1709 5558 tiberlsto
1725 5500 1879 5568 tornacum
1891 5491 1967 5554 alter

187 5583 340 5650 imagines
360 5577 553 5648 imperatoris
575 5573 682 5638 Graeci
705 5575 815 5656 legatis
840 5578 1056 5656 praesentibus
1101 5579 1344 5654 ttetobtsadccb,
1361 5586 1409 5644 est
1423 5580 1493 5642 sine
1509 5583 1604 5656 patre,
1621 5576 1691 5640 sine
1705 5581 1814 5650 matre,
1830 5571 1899 5637 sine
1913 5591 1965 5653 pe·

188 5651 423 5734 tentatasselii
438 5652 548 5736 eodem
563 5657 1055 5750 quoquol'autcconstat,nondiu
1101 5663 1253 5743 uealcpia3
1269 5663 1383 5744 prodiit
1395 5663 1633 5741 eniurrapcute,
1649 5659 1811 5736 iuluccrn,
1827 5673 1887 5720 nec
1907 5658 1965 5721 sci·
