4080 6306
264 303 317 365 ²bi
950 303 995 364 DE
1019 301 1192 364 utinteltts

201 453 292 504 mnes
308 442 427 505 veteres
439 439 698 520 exponuntltem:
714 432 758 502 lie
770 435 950 518 otrpintbaa
962 455 1057 520 proe-
1102 439 1229 504 omnino
1243 437 1393 503 deberent
1414 447 1540 502 uxorem
1553 437 1669 506 duoere
1683 485 1691 513 ‚
1707 439 1794 504 uultu
1807 444 1962 520 exeepto,

197 523 677 602 ceptambomlntnonlmbeo:
692 520 1054 596 consummantem,
1102 539 1173 584 oum
1188 529 1288 585 tamen
1305 520 1455 584 butbarus
1472 521 1539 598 ipse
1555 523 1685 602 exeipiat
1699 536 1766 594 eos,
1779 522 1833 603 qui
1847 524 1966 588 babent

198 613 359 687 tunquam
373 607 634 672 muarteurulam
658 613 872 686 eomeqmooe
886 622 908 668 o
921 605 1058 670 Domino
1101 607 1215 668 donum
1231 603 1450 668 continentiae.
1466 601 1538 666 liam
1554 606 1644 668 ettam
1668 604 1730 668 illis
1745 605 1966 686 inestperieu·

194 696 230 752 ut
243 691 307 754 sim
320 688 436 769 fidelis.
451 687 508 753 llll
521 689 805 768 indieataposlntus
821 688 983 751 eonsilium
998 690 1057 752 bon
1101 689 1163 752 lum
1180 687 1367 760 fornicandi,
1383 704 1452 750 oum
1469 686 1590 766 possint
1602 689 1717 752 donum
1732 690 1808 752 ittud
1822 689 1965 754 emittere

195 789 257 834 nun
273 789 343 835 esse
369 775 535 834 humanum
550 819 559 847 ,
576 773 631 835 sed
651 772 810 832 diuinum:
836 769 911 832 dioit
924 773 1006 832 enim
1021 789 1056 834 se
1101 779 1132 834 et
1146 772 1226 834 vinni
1241 769 1436 858 aliquandoa
1453 769 1637 844 tentatione,
1654 773 1710 836 sed
1729 779 1845 845 monet,
1863 773 1965 853 utqui

197 854 360 916 eonsilium
377 856 461 926 dare,
478 871 539 917 nun
556 861 592 917 ut
604 854 760 925 bominem
777 853 945 931 politicum,
958 855 1013 916 sed
1027 863 1059 936 nt
1102 870 1228 918 uxorem
1239 853 1416 926 dormant,
1434 852 1485 914 illa
1500 853 1653 918 retineant
1666 861 1696 918 et
1711 857 1900 934 quinamque
1916 863 1965 918 est

196 937 319 1000 libatam
337 937 508 1000 ministrnm
524 934 753 1012 liei.ltem'sQni
765 936 1057 1014 matrimonialem·
1101 936 1313 1002 iornioaturus.
1324 949 1449 996 uxorem
1464 935 1565 1014 petius
1581 938 1767 1013 dueat,siaut
1783 938 1860 1002 inira
1876 939 1963 1001 dieit:

194 1022 242 1098 qlt
253 1019 414 1098 ulmineae
426 1036 533 1092 annm,
550 1019 629 1084 bene
643 1020 730 1098 sealt,
742 1023 772 1080 et
786 1019 844 1098 qui
856 1035 925 1082 nen
932 1021 1055 1098 junplt.
1106 1017 1166 1096 Qui
1178 1035 1247 1083 non
1259 1035 1293 1082 ae
1307 1018 1459 1091 eontinet,
1475 1017 1589 1082 nabot.
1637 1071 1642 1078 ,
1754 1032 1758 1040 ·

193 1103 310 1165 metius
323 1102 414 1179 lenit.
430 1102 569 1184 Denique
592 1104 630 1166 de
647 1102 759 1165 uidua:
779 1100 837 1165 Cui
849 1102 917 1164 uolt
930 1101 1056 1177 nabot,
1142 1101 1242 1165 Altera
1254 1101 1404 1180 expositio
1415 1104 1462 1163 εει
1473 1101 1551 1164 Petri
1560 1098 1696 1182 Martyris
1707 1102 1740 1165 iu
1751 1103 1835 1166 bone
1847 1104 1964 1176 laeum.

194 1187 373 1249 lautomia
386 1185 535 1264 Domina·
552 1185 676 1249 beatior
691 1188 799 1248 nutem
813 1187 873 1247 erit
886 1185 916 1263 pi
929 1187 1056 1265 stapel·-
1100 1185 1154 1247 obi
1170 1185 1299 1264 opponit
1323 1183 1372 1244 bis
1386 1183 1489 1253 verbis
1514 1183 1619 1246 Pauli:
1636 1185 1765 1250 Bonum
1778 1191 1824 1250 eat
1839 1185 1968 1250 bombat

192 1268 352 1332 manserit
372 1270 677 1332 seeundum-meum
699 1267 871 1330 eonsilium
881 1286 893 1344 ,·
905 1275 984 1347 poto
1000 1286 1057 1332 nn·
1101 1267 1273 1330 moliorem
1283 1281 1354 1329 oon
1368 1270 1511 1346 tempera,
1527 1267 1691 1336 ideststna
1702 1285 1797 1332 uxore
1811 1285 1896 1342 esse,
1911 1271 1963 1331 illu

193 1358 278 1418 tmn,
295 1353 383 1430 quod
399 1359 427 1414 et
441 1367 499 1429 eqo
512 1351 666 1430 epletium
678 1347 737 1414 Dei
751 1347 909 1413 habeam:
923 1350 977 1413 obi
993 1367 1057 1414 rur·
1103 1351 1192 1412 rerba
1208 1350 1266 1413 liei
1279 1349 1395 1412 Genese
1408 1347 1440 1412 1.
1451 1349 1519 1414 nm
1534 1355 1578 1412 est
1592 1349 1713 1416 bonam
1725 1351 1890 1415 bominem
1901 1367 1968 1416 esee

189 1451 260 1495 sum
278 1434 363 1498 rides
378 1434 468 1497 tribui
486 1434 652 1497 eonsilium
667 1433 726 1494 boe
741 1431 865 1512 Spiritui
880 1439 998 1496 saneto.
1101 1433 1223 1503 solnm,
1234 1432 1327 1502 idest,
1344 1448 1405 1494 noo
1421 1437 1470 1494 est
1482 1431 1599 1498 bouum
1615 1433 1771 1496 bominem
1786 1434 1855 1498 sina
1871 1451 1967 1498 uxore

234 1515 278 1577 Ad
296 1517 373 1580 bueo
399 1517 466 1580 tona
481 1517 671 1594 respondent
695 1515 863 1580 aduersarii
884 1515 1058 1594 tripliciter.
1103 1531 1187 1580 esse.
1202 1515 1240 1576 lit
1253 1515 1322 1596 quia
1339 1530 1400 1577 non
1415 1513 1509 1578 debet
1522 1531 1660 1595 pugnare
1676 1515 1787 1580 Paulus
1802 1531 1872 1580 eum
1890 1519 1968 1586 beo.

193 1597 291 1659 Prima
309 1598 421 1662 solatio
437 1605 485 1662 εει
499 1598 622 1662 Lotberi
640 1598 671 1660 in
686 1595 894 1676 epithalamia,
908 1598 960 1660 ubi
972 1599 1058 1672 dieii,
1103 1599 1178 1660 dieit
1192 1598 1317 1661 Paulum
1333 1597 1417 1674 loqui
1431 1598 1531 1661 solum
1547 1601 1586 1661 de
1602 1599 1676 1674 iltis,
1693 1600 1744 1679 qui
1758 1601 1832 1662 aerti
1846 1608 1921 1664 suut
1933 1617 1968 1662 se

192 1682 365 1758 apostolum
382 1683 441 1744 boe
455 1683 524 1744 loon
540 1697 601 1743 oon
618 1681 793 1754 consulere,
810 1681 866 1743 sed
878 1680 1058 1745 dissuadere
1103 1681 1216 1747 battere
1231 1678 1437 1744 eontinentiae
1452 1679 1677 1756 donumbeum
1693 1683 1850 1749 antemda
1865 1685 1968 1744 omni·

193 1763 411 1840 nondnentiam
427 1783 436 1840 ;
452 1763 490 1828 Et
505 1764 613 1844 probat
637 1780 675 1828 ex
694 1763 829 1841 eoquod
855 1765 1012 1841 apostolus
1028 1766 1058 1826 in
1104 1765 1162 1827 bus
1180 1763 1241 1826 illis
1270 1762 1322 1842 qui
1351 1763 1410 1850 boe
1432 1760 1513 1825 deon
1528 1769 1645 1826 eareat.
1662 1763 1699 1826 llt
1713 1765 1857 1846 quoniam
1873 1766 1968 1828 raris·

195 1846 256 1907 troo
271 1849 372 1924 eapite
387 1847 551 1910 laudationi
568 1845 774 1910 eontinentiaa
791 1846 938 1908 admiscet
951 1861 1059 1912 neees—
1105 1846 1187 1919 simi,
1204 1851 1255 1908 aut
1269 1845 1344 1908 nulli
1361 1850 1444 1920 sunt,
1454 1845 1507 1924 qui
1523 1851 1607 1908 nerto
1621 1847 1719 1910 soient
1734 1864 1768 1910 se
1780 1847 1896 1910 babere
1908 1849 1969 1910 boe

192 1928 314 1991 sitalem
331 1931 515 1994 matrimonii
529 1949 538 2004 3
551 1947 625 1992 nam
640 1935 802 2008 postquam
815 1928 912 1990 dixit:
929 1929 1058 1994 Bonum
1103 1933 1216 1994 donum
1231 1976 1239 2005 ‚
1255 1927 1328 1991 inde
1343 1926 1556 2001 milletune,
1573 1928 1689 1993 bunum
1705 1945 1788 2002 esse,
1805 1938 1840 1993 ut
1852 1945 1966 1993 omnes

191 2018 238 2074 est
250 2011 378 2075 bomini
393 2014 563 2076 mullerem
575 2028 645 2076 non
658 2017 803 2089 tempere,
813 2011 915 2073 statim
930 2013 1059 2092 subjun·
1104 2014 1216 2076 dueaot
1232 2025 1354 2074 uxores.
2028 2063 2029 2068 ,

191 2095 255 2170 git:
273 2095 408 2174 Propter
432 2096 685 2171 fornicationem
701 2100 810 2158 nutem
831 2096 1055 2176 unumquisque
1143 2097 1181 2158 At
1195 2095 1338 2172 utrinque
1353 2098 1446 2173 aaran
1461 2089 1535 2156 Nam
1550 2094 1632 2172 quod
1647 2093 1730 2158 Deus
1746 2110 1807 2158 non
1822 2096 1969 2175 loquatur

188 2192 286 2240 auom
298 2194 441 2242 omnnem
455 2178 583 2255 nenena
600 2177 687 2258 quasi
704 2176 778 2240 vetit
792 2176 907 2250 ulnera,
918 2193 976 2254 eqo
992 2181 1059 2257 qut·
1104 2179 1142 2241 de
1157 2178 1207 2248 iis,
1224 2175 1276 2257 qui
1292 2178 1352 2238 boe
1368 2181 1449 2240 duno
1465 2182 1581 2245 norant.
1600 2183 1706 2256 putet:
1724 2193 1795 2240 nam
1810 2193 1845 2241 ea
1870 2179 1967 2242 rerba

191 2261 262 2322 dem
289 2263 400 2324 retiam
426 2262 540 2323 hortari
568 2261 604 2322 ad
620 2259 864 2332 continentiam,
891 2275 969 2339 quae
985 2277 1059 2324 sane
1105 2263 1251 2340 loquutus
1266 2266 1314 2322 est
1328 2261 1410 2324 liene
1422 2265 1493 2322 ante
1508 2267 1669 2337 pennatum
1685 2260 1785 2337 idae,
1813 2275 1875 2339 quo
1890 2269 1968 2322 tem·

189 2344 382 2420 praectarum
408 2343 552 2422 quiddam
568 2348 636 2414 est,
654 2349 832 2404 tamennon
848 2340 922 2404 sioit
935 2358 985 2406 me
1001 2344 1060 2406 bne
1103 2359 1179 2424 pere
1194 2343 1289 2405 Adam
1304 2343 1451 2405 sinantia
1466 2341 1561 2405 dubio
1576 2342 1701 2406 earebat
1716 2343 1793 2405 mata
1816 2344 1968 2425 eonoupi-

188 2425 290 2488 iacere
305 2429 477 2505 perieulum
501 2426 684 2488 tornieaodi.
703 2425 788 2486 lnam
808 2423 873 2486 iere
887 2423 978 2487 doeet
993 2424 1055 2490 cal·
1105 2425 1234 2500 scentia,
1252 2432 1283 2487 et
1298 2425 1431 2490 babebat
1446 2438 1515 2489 oum
1539 2426 1671 2490 metens
1683 2425 1846 2490 uirtutibus
1870 2429 1966 2490 ettam

189 2507 279 2570 rinus
296 2509 326 2569 tn
342 2508 562 2572 commentario
575 2509 674 2586 'burins
690 2505 813 2584 loei3att
828 2506 909 2570 enirn
926 2506 1059 2578 similem
1104 2510 1219 2572 donum
1234 2507 1464 2583 continentiae,
1480 2507 1522 2570 ita
1538 2514 1571 2572 ot
1585 2515 1692 2588 posset
1706 2508 1876 2582 continere,
1890 2511 1964 2572 sio·

188 2606 260 2654 osse
277 2592 359 2654 Pauli
376 2593 559 2656 sententiam
574 2610 583 2651 ι
600 2591 728 2653 Bonum
746 2594 792 2651 est
806 2587 933 2652 bomini
945 2591 1058 2655 mulie·
1104 2607 1163 2672 pus
1181 2597 1275 2654 esset.
1557 2607 1563 2620 t

185 2689 257 2736 aem
269 2689 340 2738 noo
357 2677 504 2755 'tnnqerez
523 2673 596 2736 buia
619 2671 827 2742 sententiae..
842 2671 959 2736 boatum
974 2679 1058 2738 esset
1144 2673 1230 2749 Quod
1247 2679 1348 2737 autem
1362 2672 1476 2752 Paulus
1496 2687 1559 2735 nnn
1574 2672 1716 2753 loquutur
1728 2673 1768 2736 de
1784 2673 1822 2736 iis
1836 2675 1940 2738 solum
1956 2721 1965 2746 ,

189 2755 308 2818 bomini
327 2773 387 2818 nnn
404 2757 580 2830 onmedere.
597 2771 699 2836 neque
714 2755 844 2828 bibere,
862 2755 891 2816 si
904 2754 970 2818 fleri
986 2772 1057 2834 pos·
1103 2757 1154 2834 qui
1168 2757 1282 2820 babent
1297 2756 1412 2820 donum
1427 2755 1633 2819 continentiae
1647 2793 1655 2827 a
1669 2755 1726 2819 sed
1738 2755 1878 2820 absolute
1893 2773 1965 2834 prn-

190 2846 251 2912 set;
267 2840 324 2903 sed
341 2840 411 2919 quia
428 2857 489 2901 nen
506 2844 607 2919 petest
619 2838 685 2901 tieri
701 2837 770 2900 sina
785 2837 955 2914 miraeum,
973 2836 1056 2915 ideo,
1104 2839 1242 2903 nuneiet.
1257 2839 1373 2902 bonum
1396 2842 1547 2902 essurire
1566 2838 1727 2902 mutierem
1743 2849 1803 2902 nnn
1821 2847 1963 2918 tangere,
2028 2857 2029 2864 ¹

191 2923 408 3002 unusquisque
423 2922 565 2985 eomedat
579 2927 609 2985 et
625 2921 719 2983 bibat.
837 2979 839 2988 ,
881 2939 883 2944 ·
1102 2927 1185 3001 patet
1199 2921 1302 2999 etiam3
1319 2939 1388 2984 nam
1404 2920 1462 2984 etsi
1482 2937 1544 2984 nun
1559 2936 1668 2984 omnes
1693 2921 1810 2985 babent
1832 2923 1890 2984 tuoe
1906 2923 1963 3000 du·

231 3006 267 3066 Αι
282 3006 392 3068 Contra
408 3024 415 3064 :
433 3005 506 3067 Nam
532 3006 562 3066 in
579 3004 687 3080 primis
713 3001 804 3064 rerba
830 2998 1057 3076 Pauli-apertis·
1103 3022 1189 3078 num,
1206 3012 1307 3068 tamen
1320 3021 1430 3066 omnes
1444 3010 1575 3082 possunt
1590 3004 1716 3076 babere,
1735 3004 1791 3066 sia
1806 3004 1870 3067 lieo
1885 3005 1964 3066 illud

189 3085 266 3148 sima
282 3094 373 3164 sunt;
390 3087 454 3150 lton
471 3086 553 3162 enim
569 3085 643 3148 diott
656 3085 772 3148 hunum
789 3092 895 3158 esset,
912 3085 979 3146 sed:
996 3085 1055 3150 llo·
1102 3093 1217 3166 petant,
1231 3095 1261 3149 ει
1274 3087 1405 3167 preinde
1420 3085 1564 3150 omnibus
1576 3092 1679 3165 potest
1691 3087 1856 3150 nonreutre
1877 3087 1963 3150 Pauli

187 3185 270 3232 num
282 3177 338 3246 eat3
356 3170 474 3234 nonait
488 3169 652 3232 eonsilium
670 3168 743 3231 dare
758 3167 880 3242 uellam,
892 3169 960 3230 sed:
977 3167 1055 3232 dnn·
1100 3169 1275 3234 eonsilium.
1293 3170 1365 3231 llam
1378 3171 1401 3232 si
1416 3169 1455 3231 itu
1472 3169 1532 3232 bne
1545 3170 1661 3231 donum
1674 3175 1758 3234 esset
1784 3186 1800 3230 a
1815 3168 1897 3243 lieo,
1925 3175 1959 3232 ut

187 3251 299 3315 silium
314 3254 357 3315 do
372 3259 430 3315 eto.
448 3252 564 3320 Deinde
581 3252 684 3314 Patres
699 3265 810 3313 omnes
825 3251 871 3316 sin
884 3259 1053 3328 exponunt:
1104 3255 1188 3315 nullu
1204 3253 1294 3316 modo
1310 3259 1395 3316 esset
1406 3253 1439 3314 in
1455 3258 1556 3314 nestra
1582 3257 1732 3330 potestate
1748 3251 1909 3316 eontinere
1931 3258 1964 3314 et

190 3333 267 3395 lide
284 3333 522 3414 chrysostomus
549 3338 579 3395 et
594 3335 672 3397 alios
697 3332 727 3395 in
749 3332 833 3393 buno
858 3331 971 3396 tonum.
988 3332 1057 3396 Am·
1105 3350 1165 3398 non
1180 3335 1351 3402 continere.
1367 3337 1448 3397 sieut
1462 3349 1524 3397 non
1540 3339 1588 3396 est
1615 3335 1645 3396 in
1674 3340 1777 3398 nostra
1809 3339 1964 3411 potestate

191 3415 332 3479 bensium
348 3417 427 3479 libro
443 3418 481 3479 de
496 3417 596 3478 uiduis
610 3431 707 3496 prope
722 3413 1056 3496 tinemflierooymum
1104 3419 1288 3497 propnetam
1305 3465 1313 3490 ,
1338 3418 1428 3498 quud
1444 3418 1618 3496 exemplum
1638 3417 1727 3480 atlest
1758 3415 1902 3481 Caluinus
1932 3417 1967 3480 in

190 3498 247 3563 lib.
266 3501 295 3562 t.
313 3503 343 3560 in
358 3498 553 3563 latinianum
575 3507 606 3561 et
620 3499 824 3578 augustinum
838 3497 917 3559 libro
933 3499 971 3560 de
987 3515 1056 3562 saa·
1103 3501 1432 3580 nommantario-bujus
1444 3499 1571 3580 eapitis,
1586 3497 1733 3562 absurde
1744 3499 1855 3562 Paulus
1881 3500 1967 3564 diee-

192 3588 240 3643 ota
255 3581 440 3661 uirginitate,
458 3599 528 3661 oap.
544 3579 595 3645 tn.
612 3589 642 3644 at
656 3580 871 3661 sequentihus.
888 3581 931 3641 iix
943 3581 1055 3659 quibos
1105 3591 1162 3646 ret:
1181 3583 1358 3648 Consilium
1373 3587 1483 3648 notem
1496 3585 1550 3646 dn.
1566 3583 1602 3644 nt
1616 3581 1708 3661 Quod
1722 3583 1813 3655 uult,
1837 3582 1965 3660 snaint3

189 3665 393 3744 Augustinus,
411 3665 498 3744 quasi
513 3664 736 3743 praevidisset,
764 3679 858 3725 uuum
875 3677 913 3726 ex
927 3663 993 3726 sois
1008 3681 1060 3728 au·
1107 3667 1262 3730 nonenim
1276 3667 1336 3728 utta
1352 3674 1400 3730 est
1414 3666 1608 3739 consultatio,
1625 3672 1677 3727 aut
1701 3663 1813 3728 alentio
1838 3664 1878 3729 de
1897 3681 1963 3732 eo.

188 3747 375 3824 qostiaiants
399 3749 546 3828 apostatis
561 3747 713 3810 dicturum
728 3793 736 3817 ,
753 3746 928 3824 apostolum
940 3744 999 3813 boe
1014 3747 1057 3810 lu·
1106 3751 1188 3830 quod
1205 3755 1322 3812 nonest
1333 3748 1366 3811 in
1380 3756 1484 3812 nostra
1501 3751 1663 3828 potestate.
1693 3747 1767 3818 Quis
1793 3749 1887 3830 enim,
1905 3747 1967 3812 nisi

191 3847 228 3891 nu
244 3829 359 3892 hortari
374 3831 410 3891 ad
428 3829 551 3908 nuptias
567 3839 598 3891 et
612 3830 770 3894 deterrere
782 3845 797 3888 a
810 3829 1058 3900 continentiadi·
1105 3833 1229 3906 stultus,
1243 3832 1443 3906 consultaret,
1464 3848 1502 3892 an
1513 3831 1609 3894 veltet
1622 3830 1819 3909 prophetare,
1835 3832 1883 3894 rel
1905 3845 1969 3893 non

190 3917 272 3974 serta
291 3913 426 3992 scripsit
441 3913 626 3976 eontrarium
641 3959 648 3987 ‚
666 3913 711 3974 sie
737 3911 897 3985 enimait,
914 3928 984 3989 cap.
1003 3913 1053 3975 to.
1104 3914 1305 3994 prophetare?
1334 3917 1354 3958 f
1840 3955 1841 3959 =
1863 3973 1869 3984 ,

188 3995 255 4057 Ηοε
269 3997 387 4070 modo,
404 3995 523 4074 inquit,
542 3995 734 4060 embortolm·
754 3995 800 4056 ud
814 3995 1054 4070 nirqtnitntem,
1143 4000 1230 4070 ilem,
1248 3997 1331 4058 idem
1344 3995 1377 4058 b.
1395 3996 1506 4058 Paulus
1519 3995 1640 4059 ibidem
1655 3994 1748 4064 nteit.
1764 3993 1855 4058 etiam
1870 3997 1971 4058 eunti·

190 4079 488 4160 continentiumque
498 4085 692 4158 perpetuum
704 4124 712 4153 ,
724 4082 762 4142 ut
776 4075 1057 4156 uliqunntmumo
1101 4080 1237 4144 nentium
1252 4078 1448 4157 eonjuqatem
1464 4094 1535 4142 assa
1552 4081 1667 4142 donum
1688 4076 1745 4140 liei
1777 4084 1809 4142 et
1824 4093 1888 4140 non
1903 4079 1972 4140 dari

188 4163 314 4238 nuptiis
329 4163 428 4225 allum
442 4164 628 4225 deterreret.
731 4195 734 4200 ·
1101 4162 1257 4226 omnibus:
1273 4161 1506 4243 Unusquisque,
1523 4159 1633 4237 inquit.
1649 4161 1774 4225 donum
1795 4175 1893 4224 snum
1908 4161 1970 4223 len·

233 4244 406 4316 Praeterea,
422 4245 448 4306 si
464 4245 502 4305 tta
519 4249 569 4306 est
581 4243 706 4307 diffinite
721 4243 892 4313 eontinere,
903 4246 937 4303 ut
948 4240 998 4304 isti
1010 4242 1055 4304 di·
1102 4245 1152 4308 bet
1165 4259 1209 4309 em
1222 4244 1286 4308 beo
1302 4291 1311 4320 ‚
1340 4259 1428 4308 outa
1456 4244 1589 4324 quidem
1600 4245 1660 4314 sin,
1682 4243 1769 4306 nllus
1783 4247 1894 4310 utitem
1909 4245 1970 4306 sie.

192 4332 266 4387 aunt
292 4327 478 4404 etexemplo
504 4327 694 4399 ostendunt,
717 4341 787 4387 oum
814 4324 889 4386 nulli
905 4325 985 4402 apud
1001 4339 1056 4389 eos
1105 4329 1177 4390 Poto
1199 4326 1313 4406 igitur,
1331 4328 1382 4405 qui
1409 4343 1470 4389 non
1494 4327 1587 4406 nabet
1614 4325 1731 4388 donum
1757 4325 1970 4390 eontinentiue

191 4407 381 4470 contineant:
399 4415 481 4471 uerte
497 4409 609 4470 Paulus
625 4407 837 4486 ineptissimos
851 4406 919 4474 tuit.
930 4407 981 4488 qui
994 4423 1058 4470 rem
1104 4411 1288 4490 conjugatis,
1311 4409 1385 4489 quid
1401 4409 1486 4490 aget?
1500 4408 1576 4472 Nom
1603 4408 1708 4472 tinebit
1735 4407 1765 4471 ei
1795 4407 1970 4470 iorniaarit

191 4490 417 4568 impossibilem
436 4497 592 4568 tantopere
607 4490 750 4553 laudarit.
763 4489 806 4552 lit
821 4487 936 4568 patebit
951 4487 1057 4554 absur·
1107 4493 1357 4571 Respondebam:
1374 4491 1438 4554 lton
1451 4491 1547 4554 linere
1562 4491 1720 4571 turnieart,
1738 4489 1810 4569 quia
1826 4494 1884 4554 alst
1903 4505 1969 4554 non

191 4572 270 4634 ditas
287 4572 453 4652 buJ‘usrai,
472 4576 496 4640 st
513 4574 585 4653 quis
599 4575 735 4652 upptioet
749 4573 851 4636 omnia
867 4571 957 4634 rerba
972 4572 1056 4636 Pauli
1104 4576 1198 4638 babet
1212 4575 1326 4638 donum
1340 4576 1570 4645 continentiae,
1600 4581 1701 4637 tamen
1729 4573 1880 4650 babebit,
1905 4575 1932 4634 si
1950 4591 1969 4636 a

190 4657 227 4717 ad
244 4656 421 4735 exemplum
447 4653 575 4720 delsini.
592 4655 700 4718 Nonne
722 4657 806 4718 enim
821 4655 970 4717 ridioutus
985 4654 1058 4718 iuis·
1105 4663 1169 4722 lieo
1184 4664 1278 4739 petat.
1294 4658 1382 4720 Idem
1396 4673 1454 4732 eqo
1469 4658 1568 4720 dinam
1590 4655 1630 4719 de
1658 4656 1845 4719 eontinentio
1872 4655 1966 4734 virgi·

191 4745 239 4800 set
253 4733 453 4820 apostotus,si
469 4738 730 4812 dixisset,bonum
745 4745 865 4800 estnon
879 4737 1059 4801 comederet
1106 4741 1179 4803 nati.
1196 4740 1295 4803 Verba
1306 4740 1399 4820 igitur
1411 4739 1467 4802 Dei
1482 4747 1511 4801 et
1527 4739 1610 4801 Pauli
1632 4738 1721 4800 utitur
1747 4738 1969 4802 ooneordanda

190 4817 290 4898 item,
307 4837 395 4885 nares
411 4821 503 4898 elbo,
520 4821 582 4883 noti
600 4835 753 4896 quaerere
768 4819 887 4882 eibum?
902 4819 1000 4894 llam,
1018 4819 1058 4884 de
1105 4830 1187 4887 sunt.
1204 4823 1288 4886 Deos
1303 4823 1439 4900 loquitur
1453 4824 1492 4884 de
1504 4821 1585 4885 bono
1596 4820 1900 4898 ,speetatt'aotusoe
1912 4821 1970 4882 bn·

193 4922 254 4966 oon
271 4905 464 4983 enmedendu
491 4910 689 4984 praeceptum
706 4903 825 4965 Domini
853 4903 1053 4974 oonbabao,
1103 4923 1142 4968 no
1155 4905 1317 4968 individui.
1335 4906 1409 4968 ltam
1428 4906 1509 4966 bears
1526 4905 1662 4984 loquitur
1677 4921 1732 4983 pro
1755 4920 1794 4967 oo
1815 4911 1973 4981 tempore,

189 4988 354 5050 eonsilium
370 4995 470 5050 autem
488 4987 526 5049 do
542 5033 549 5060 ,
563 4993 597 5049 ut
613 5002 704 5050 nemo
719 4986 876 5048 comedat?
891 4985 966 5048 llam
980 5033 988 5054 ,
1005 4985 1056 5064 qui
1103 5007 1164 5068 quo
1179 4990 1313 5051 mundos
1325 4996 1388 5052 erat
1400 5005 1525 5062 naeuus.
1541 4986 1716 5066 Paulusprn
1733 5001 1782 5060 eo,
1799 5003 1860 5066 quo
1876 5001 1969 5048 mun·

191 5071 336 5146 eomedit,
353 5071 434 5134 bene
448 5067 592 5148 taatqqm
611 5085 671 5131 oon
689 5070 832 5140 eomedit,
847 5067 957 5130 melius
973 5068 1059 5130 taeitt
1104 5073 1163 5134 dus
1178 5079 1225 5134 est
1240 5073 1362 5146 plenus.
1379 5071 1541 5150 Denique,
1556 5070 1641 5134 Deus
1654 5069 1792 5150 loquitur
1806 5071 1845 5132 de
1860 5070 1945 5134 bono
1961 5115 1971 5142 ,

190 5149 282 5220 item,
298 5169 362 5216 non
378 5160 484 5230 penool
498 5153 549 5233 qui
567 5152 719 5224 eomedit,¹
731 5152 814 5229 quud
828 5151 892 5214 ruit
903 5149 1059 5222 taeitbea·
1104 5153 1186 5234 quud
1202 5154 1332 5238 retertur
1346 5155 1383 5215 ad
1399 5152 1488 5214 ritum
1504 5152 1850 5231 tempomtem.‘l>autns
1866 5157 1972 5214 autem

191 5233 250 5292 tior
265 5236 322 5298 erit
336 5236 362 5296 si
380 5253 440 5297 non
458 5235 646 5301 comederit?
661 5235 724 5299 ttun
739 5233 833 5315 igitur
847 5234 886 5297 de
901 5249 935 5296 re
946 5235 1060 5314 impos·
1105 5237 1144 5300 de
1159 5236 1253 5304 bono,
1270 5237 1352 5314 quod
1367 5235 1498 5318 retertur
1511 5236 1549 5300 ad
1563 5233 1654 5298 ritum
1669 5241 1846 5310 aeteruum,
1861 5241 1896 5298 ot
1907 5235 1972 5314 iem

191 5315 272 5378 sibili
290 5316 563 5394 loquiturPautus.
658 5343 660 5350 s
823 5356 825 5364 ·
1019 5341 1025 5352 ·
1107 5318 1319 5399 probabimus.
1546 5313 1548 5324 '

233 5398 289 5459 Ρει
304 5397 380 5460 illud
397 5409 498 5464 autem
515 5420 524 5462 ι
542 5403 680 5478 Propter
689 5400 941 5478 fulminationem
954 5403 1064 5464 eutem
1148 5401 1204 5464 list
1216 5415 1290 5480 erpo
1306 5401 1404 5464 tertia
1429 5399 1541 5464 solutio
1555 5399 1670 5478 ‚quod
1692 5400 1806 5464 Paulus
1821 5399 1887 5462 sire
1902 5415 1974 5462 sua·

189 5483 414 5562 uumquemque
433 5499 538 5547 wunn-
553 5499 697 5550 umorem
719 5483 860 5554 bnbebt,
881 5499 942 5546 oon
958 5487 1064 5544 monet
1109 5485 1181 5546 dent
1194 5483 1437 5558 eontinentiam,
1461 5485 1526 5546 stre
1542 5499 1603 5548 nno
1617 5530 1627 5558 ,
1640 5483 1743 5546 sulum
1769 5483 1851 5546 ittam
1868 5483 1976 5544 laudet

195 5564 368 5645 apostolus,
385 5569 420 5628 ul
434 5566 671 5646 unusquisque,
687 5567 736 5628 eui
752 5566 833 5630 inest
846 5564 971 5645 aliquod
983 5564 1063 5646 peri·
1108 5573 1256 5644 tanquam
1269 5567 1375 5630 utitem
1390 5567 1427 5629 ad
1443 5565 1537 5636 atiud,
1548 5581 1609 5628 nnn
1624 5571 1726 5629 eutem
1742 5571 1776 5628 ot
1791 5581 1847 5642 per
1860 5579 1897 5628 se
1909 5565 1977 5628 lieo

197 5648 300 5713 nutum
316 5646 641 5727 reiterationem
659 5649 767 5714 duest:
784 5665 854 5715 num
868 5653 1065 5728 laneorunes
1110 5655 1226 5735 quatum
1248 5655 1279 5715 et
1292 5650 1476 5719 meritoriam
1489 5669 1497 5712 ι
1512 5647 1598 5714 tiana
1612 5655 1715 5716 autem
1729 5647 1894 5716 utilitatem
1911 5665 1978 5714 non
