4088 6300
257 299 310 360 8³2
885 305 929 370 ull
941 307 1046 368 cut‘rtt
1064 307 1262 372 SANCTORUM

233 435 333 496 Tertia
349 433 435 511 ratio,
451 437 521 515 qula
538 455 598 502 non
624 442 724 506 solum
753 451 800 506 est
824 451 910 506 actus
925 442 1044 506 illarum
1090 450 1173 509 recte
1190 454 1330 522 pastores
1346 443 1510 508 detrahunt
1522 443 1674 506 ccclesiae
1685 449 1876 524 ornamenta,
1892 457 1967 504 cer·

188 519 345 591 virtutum,
362 520 415 580 sed
432 519 523 580 etiarn
539 527 586 582 est
598 526 776 588 exercitium
793 532 823 588 et
837 528 958 605 signum
974 528 1046 588 alia·
1091 535 1119 590 te
1136 531 1229 590 multo
1244 527 1358 590 rectius
1373 544 1433 589 nnn
1449 527 1560 588 dantur
1572 527 1833 608 ecclcsiae,lquac
1848 533 1967 590 essent

188 617 267 662 rum.
283 602 351 662 dam
366 603 415 678 qui
428 602 622 681 magnificum
641 611 788 687 templum
800 611 889 687 erigit
905 657 913 680 ,
931 611 1045 688 magni·
1089 611 1264 680 auferenda,
1281 613 1305 673 si
1320 611 1386 672 data
1401 608 1543 671 luissent.

188 682 280 744 fictam
299 683 504 744 testimonium
523 689 586 748 edit
599 687 670 752 ildei
686 708 772 757 suae.
788 699 819 754 et
833 692 987 756 charitatis
999 707 1046 750 er·
1133 693 1236 771 Neque
1253 693 1352 756 obstet
1367 693 1479 754 iactum
1495 691 1614 760 riduae,
1631 707 1710 769 quac
1723 691 1827 756 tribuit
1852 692 1886 753 in
1904 691 1965 752 do·

187 784 224 844 ga
240 766 348 829 ileum:
376 783 495 828 necnon
525 773 644 847 pietatis
659 781 690 836 el
703 774 906 854 gratitudinis,
923 779 953 836 et
976 775 1047 848 quta
1091 777 1173 837 naaria
1191 775 1244 836 llei
1260 791 1382 838 omnem
1398 775 1509 836 rictum
1526 789 1629 848 suum3
1659 773 1732 838 Nam
1758 792 1819 836 nnn
1849 773 1965 834 tribuit

188 851 338 926 pecuniae
354 865 548 927 summopere
564 854 647 934 diligi
664 859 775 930 solent,
793 857 844 934 qui
861 873 912 918 eas
939 856 1047 918 libera·
1091 859 1202 919 rictum
1220 860 1324 936 patris.
1341 855 1548 929 auratiorem,
1566 859 1620 918 sed
1637 865 1772 932 suum3et
1787 875 1878 920 suum
1894 872 1964 916 non

187 931 257 992 liter
271 932 306 990 ad
325 931 470 992 honorem
486 932 542 995 liei
557 939 712 1014 expondit,
728 937 843 1002 indicat
857 955 891 1002 se
917 954 987 1000 rere
1004 939 1048 1000 di·
1093 943 1255 1001 multorum
1271 941 1402 1012 dicrum,
1419 941 1474 1002 sed
1491 940 1581 1000 unius
1597 945 1725 1015 tuntum;
1742 957 1843 1020 neque
1867 941 1962 1001 enim

187 1015 284 1092 ligero
297 1013 393 1074 [lemn
410 1020 631 1093 superomnia.
1092 1023 1212 1084 duobus
1229 1023 1353 1084 minutis
1370 1027 1487 1099 poterat
1500 1020 1552 1082 diu
1568 1025 1744 1086 sustentari

229 1095 886 1184 Qtrartaratioabutilitate3llamtemplum
913 1103 1048 1182 magnill·
1132 1105 1250 1167 Deinde
1266 1112 1411 1184 quantum
1427 1106 1463 1166 ad
1481 1105 1593 1178 locum,
1610 1112 1726 1167 eertum
1756 1109 1814 1176 est,
1843 1120 1961 1165 nono·
2027 1129 2028 1134 ¹

188 1193 224 1238 ce
240 1183 390 1244 ornatum,
408 1181 516 1241 multas
533 1183 625 1246 ιιιιιιιι
640 1186 795 1248 utilitates.
812 1187 941 1253 Primum
962 1188 1046 1246 enim
1094 1190 1174 1248 mnia
1191 1190 1255 1248 loca
1267 1187 1425 1266 aequalem
1435 1194 1575 1248 ornatum
1592 1187 1832 1266 reqrrirerc;llant
1846 1187 1877 1246 in
1893 1203 1963 1247 rua·

187 1261 306 1322 attralrit
322 1262 462 1324 homines
478 1263 596 1328 facilius
611 1268 647 1330 ad
664 1285 713 1330 res
730 1270 807 1346 pias,
834 1269 956 1348 quaein
974 1274 1048 1330 tem·
1092 1275 1161 1348 gnis
1178 1270 1317 1342 urbibus,
1334 1270 1372 1332 ad
1388 1286 1464 1348 quas
1481 1270 1565 1330 multi
1586 1269 1757 1339 confluunt,
1788 1269 1962 1348 splendida

188 1345 247 1421 plis
262 1350 420 1420 gerentum
438 1361 494 1407 nec
523 1348 604 1410 enim
634 1350 763 1415 obscura
780 1358 811 1414 et
839 1351 962 1416 sordida
981 1351 1048 1414 loca
1094 1354 1206 1431 templa
1224 1369 1294 1415 esse
1310 1353 1435 1429 debent,
1451 1357 1481 1413 at
1494 1352 1526 1412 iu
1552 1353 1628 1414 locis
1654 1353 1797 1418 desertis,
1826 1352 1879 1414 ubi
1898 1352 1962 1412 soii

187 1427 319 1487 libenter
334 1427 574 1504 frequentantur.
592 1431 710 1496 Deinde
726 1441 884 1498 conservat
910 1431 1050 1514 majesta·
1096 1436 1239 1496 rnonaclri
1253 1440 1421 1506 versantur,
1441 1451 1501 1494 non
1526 1433 1644 1494 ridetur
1672 1437 1847 1506 conuenire,
1865 1441 1899 1496 ut
1917 1440 1962 1493 tot

187 1517 249 1570 tem
267 1516 538 1587 sacramentorum,
554 1519 586 1574 et
610 1518 821 1592 reverentiam,
849 1532 928 1592 quae
956 1515 1049 1581 rebus
1094 1524 1235 1594 sumptus
1253 1517 1325 1579 itant
1340 1519 1370 1578 in
1386 1515 1536 1578 aediliciis
1552 1518 1745 1594 templorum.
1763 1517 1797 1578 lit
1810 1517 1868 1577 hoc
1895 1523 1959 1584 est,

188 1591 299 1653 divinis
313 1591 527 1668 debetur3liam
542 1596 663 1673 quando
678 1599 816 1660 videmus
833 1601 924 1660 altare
946 1600 1050 1674 splen·
1095 1603 1178 1680 quod
1195 1601 1226 1662 b.
1239 1600 1412 1662 Bernerdus
1424 1599 1588 1677 praecipue
1600 1599 1835 1676 reprelienditiu
1849 1601 1962 1676 apolo-

188 1674 293 1734 didum
310 1681 341 1752 et
353 1684 505 1749 ornatum,
522 1677 611 1740 lneile
627 1682 772 1759 erigimus
789 1689 977 1751 mentemst
999 1700 1050 1745 co·
1095 1684 1194 1761 gland
1212 1683 1407 1750 Gulielmum,
1421 1682 1502 1760 quod
1514 1681 1656 1744 videlicet
1678 1683 1817 1744 monaclri
1839 1681 1962 1742 clunia-

189 1757 321 1834 gitamus
337 1773 479 1835 magnum
495 1775 566 1822 esse
581 1763 690 1836 Dauni,
707 1764 756 1826 oui
773 1765 840 1826 talia
853 1765 1047 1828 exhibentur:
1095 1781 1208 1828 censes
1222 1767 1335 1828 uellent
1350 1764 1465 1826 narbere
1482 1763 1609 1826 oratoria
1624 1781 1678 1826 sua
1695 1770 1755 1825 tam
1780 1781 1902 1842 magna.
1930 1769 1964 1823 et

190 1847 222 1900 et
233 1841 404 1901 econtrario
418 1840 506 1903 lacile
522 1848 737 1919 contemnitur,
751 1847 831 1924 qood
847 1848 914 1910 sinc
925 1863 1051 1924 appara·
1095 1853 1154 1908 tum
1171 1856 1286 1922 ornata,
1300 1855 1333 1910 ut
1346 1850 1525 1924 aequarent,
1541 1847 1588 1908 rel
1604 1854 1786 1924 superarent
1812 1846 1962 1925 splendo-

189 1929 221 1982 ιιι
239 1923 428 2002 proponitur.
444 1923 545 1987 'lertio
557 1926 679 2004 iuvatur
694 1931 790 2007 pietas
806 1931 1051 2001 etderotlo,ma·
1095 1947 1158 1993 rem
1175 1931 1621 2008 episcopaliumccclesiarum;
1649 1930 1700 1990 ιιιιι
1725 1930 1819 1990 etiam
1850 1929 1963 1989 merito

190 2003 271 2066 xime
286 2005 485 2084 simplicium,
501 2023 630 2086 quorum
646 2011 794 2074 maximus
815 2020 862 2074 est
890 2030 1050 2078 numerus.
1095 2015 1306 2090 reprehendit,
1330 2013 1411 2091 quod
1432 2011 1463 2073 in
1489 2012 1660 2089 parimento
1690 2011 1881 2090 sculperent,
1913 2013 1964 2070 rel

231 2087 357 2150 Accedit
371 2088 461 2152 etiam
478 2093 649 2168 corporalis
661 2094 785 2164 utilitas,
800 2097 880 2172 quod
894 2099 1052 2172 anagnilrca
1094 2099 1257 2175 pingerent
1271 2102 1445 2158 sanctorum
1469 2094 1631 2172 imagines,
1649 2100 1679 2155 et
1709 2101 1895 2170 cogerentur
1910 2094 1961 2168 qui

192 2172 305 2248 templa
321 2169 435 2234 diutius
453 2182 684 2250 conservantur,
700 2181 731 2238 et
755 2195 865 2256 magno
893 2179 1053 2256 splendori
1096 2180 1125 2240 io
1143 2195 1248 2240 eorum
1266 2179 1416 2240 ecclesiis
1430 2191 1542 2254 spuere
1560 2191 1688 2238 necesse
1705 2176 1904 2249 haberent,tn
1922 2177 1962 2234 ia-

191 2259 265 2318 sunt
278 2251 401 2315 ciuitati.
428 2255 587 2318 llultitudo
612 2273 734 2338 quoque
762 2277 934 2330 aureorum,
962 2271 1052 2342 atque
1096 2261 1174 2322 ciem
1190 2262 1381 2340 angelorum,
1398 2261 1446 2322 uel
1464 2259 1593 2322 aliorum
1609 2265 1782 2322 sanctorum
1796 2259 1881 2321 humi
1909 2257 1962 2320 de·

192 2341 404 2413 argenteorum
419 2353 572 2410 rasorum,
589 2356 683 2418 saepe
694 2340 749 2404 luit
763 2343 852 2405 saluti
869 2345 919 2405 toti
946 2349 1047 2426 reipu·
1095 2344 1245 2424 pictorum
1257 2360 1380 2422 spuere.

192 2418 303 2491 uticae,
320 2419 392 2480 dum
408 2417 438 2480 in
455 2422 607 2484 communi
623 2423 804 2498 captivitate,
822 2424 899 2488 lame
930 2437 980 2491 aut
1000 2445 1052 2506 pe·
1138 2426 1286 2499 Querulum
1303 2429 1340 2487 ad
1356 2423 1492 2493 modum,
1511 2431 1665 2502 peccatur.
1682 2441 1751 2486 oum
1782 2429 1961 2486 ornamenta

192 2499 412 2574 ste,l}cclesiae
428 2504 587 2566 thesaurus
602 2503 706 2568 multis
721 2508 856 2569 millibus
869 2509 1049 2575 miserorum
1099 2509 1279 2587 templorum
1295 2515 1367 2570 sunt
1378 2525 1463 2583 rane,
1481 2523 1517 2569 ac
1532 2510 1634 2585 potius
1661 2507 1841 2573 curiositati,
1870 2522 1962 2585 quam

193 2600 283 2660 opem
297 2582 374 2657 tulit,
393 2591 425 2644 ut
443 2585 531 2664 quasi
545 2585 576 2648 iu
592 2587 622 2650 id
648 2595 769 2668 tempus
797 2591 941 2655 divinitus
963 2595 1052 2657 datus
1098 2592 1240 2671 religioni
1255 2590 1576 2666 deservientiamualia
1590 2594 1677 2651 erant
1691 2587 1722 2650 in
1739 2588 1881 2650 oratoriis
1893 2587 1963 2650 Cla-

194 2673 224 2726 ct
239 2673 376 2728 serratus
388 2666 552 2731 rideretur.
1098 2673 1381 2752 niacensium,quae
1394 2674 1425 2734 b.
1442 2673 1614 2734 liemardus
1632 2671 1874 2750 reprehenditur
1890 2687 1963 2748 opn-

234 2747 343 2821 Quima
361 2748 435 2812 ratio
450 2767 467 2812 a
483 2753 648 2814 contrario:
664 2753 715 2831 qui
742 2753 892 2819 ecclesias
917 2765 1053 2822 restave-
1090 2759 1177 2834 lugia
1192 2757 1229 2816 ad
1246 2756 1443 2820 Gulielmnm:
1463 2753 1547 2830 Quid
1560 2755 1650 2832 socii.
1667 2756 1778 2832 lnquit,
1793 2753 1854 2816 illo
1881 2755 1963 2816 ridi·

193 2837 276 2903 nint,
291 2837 343 2892 aut
356 2829 559 2910 diripuerunt,
576 2851 700 2914 semper
729 2836 868 2915 sacrilegi
885 2847 915 2902 et
942 2843 1054 2920 perditi
1098 2840 1173 2900 cele
1186 2839 1450 2902 monstruositas?
1467 2837 1551 2912 Quid
1560 2838 1608 2898 ibi
1620 2837 1812 2900 immundae
1821 2837 1962 2898 simiae?

195 2912 290 2974 habiti
306 2918 389 2986 sunt,
406 2931 500 2990 saepe
515 2915 605 2980 etiarn
620 2918 765 2982 divinitus
788 2921 898 2999 puniti.
926 2931 959 2986 ut
973 2931 1055 3002 patet
1099 2923 1180 3000 quid
1193 2921 1255 2998 ieri
1269 2921 1393 2984 leones?
1407 2919 1488 3000 quid
1499 2921 1695 2983 moruiruosi
1705 2919 1962 2997 cenmuriiquid

195 2998 234 3058 de
250 2995 438 3066 Baltlrasare,
453 2997 573 3062 Daniel.
590 3000 621 3063 5.
637 3001 676 3062 de
692 3000 866 3077 Heliodoro,
882 3003 913 3067 2.
936 3006 1055 3068 llaclrc·
1100 3004 1349 3066 seminantium?
1377 3003 1458 3083 quid
1481 3003 1667 3064 maculosae
1695 3002 1854 3083 tygrides?
1882 3003 1965 3080 quid

194 3077 342 3140 baeorum
357 3075 387 3140 3.
403 3079 441 3141 dc
457 3079 618 3153 Antiocho,
635 3083 666 3144 2.
688 3083 898 3149 llaclmbaeor.
914 3087 945 3150 ll.
975 3090 1055 3151 Scri·
1100 3087 1216 3148 milites
1227 3088 1432 3165 pugnantes?
1448 3085 1530 3165 qnid
1542 3090 1708 3150 venatores
1727 3082 1965 3147 raticinantis?

196 3161 241 3222 bit
255 3162 345 3222 etiam
362 3177 388 3223 s.
404 3160 539 3226 loannes
554 3167 784 3246 chrysostomus
799 3169 917 3233 namt.
932 3171 964 3232 in
983 3171 1056 3233 llat-
1107 3169 1219 3232 Videas
1234 3169 1293 3232 sud
1304 3183 1371 3232 uuo
1384 3170 1489 3246 capite
1502 3169 1605 3234 multo
1627 3181 1776 3246 corporo,
1791 3170 1821 3228 et
1846 3181 1964 3228 cursare

197 3245 306 3321 tluquo
324 3250 460 3322 tempore
475 3244 614 3310 Julianus
629 3255 764 3325 apostata
776 3250 970 3331 jussitdiripi
985 3259 1060 3316 tem·
1102 3251 1141 3314 iu
1152 3267 1219 3314 uno
1234 3267 1366 3332 corpore
1388 3250 1497 3328 cupita
1519 3251 1632 3314 multo.
1661 3249 1808 3312 Cerudur
1835 3247 1914 3312 utne
1929 3250 1966 3310 ιἰι

197 3326 317 3402 plorum
329 3336 518 3401 ornamenta,
536 3336 566 3392 ct
579 3331 744 3410 praecipue
769 3347 855 3396 sacro
883 3350 966 3409 rasa,
991 3351 1061 3398 mox
1104 3334 1621 3413 quadrupedecoudoserpentis‚
1647 3333 1788 3394 illineiu
1809 3335 1964 3410 piscecu

197 3413 391 3487 quaestorem
406 3411 524 3490 regium
538 3427 593 3491 per
607 3414 742 3476 medium
757 3415 911 3494 diruptum
925 3419 1058 3498 expiras·
1099 3422 1161 3494 put
1172 3418 1410 3497 quadrupedis:
1424 3415 1472 3478 ibi
1483 3416 1584 3478 beatio
1595 3415 1738 3494 preclari
1749 3428 1882 3494 equum,
1913 3431 1965 3475 cn·

197 3505 244 3564 se,
261 3496 291 3552 et
305 3489 415 3553 loliani
432 3496 613 3558 avunculum
630 3511 645 3556 a
663 3497 817 3560 vermibus
832 3515 990 3564 corrosum
1015 3502 1060 3563 in·
1101 3515 1198 3580 pram
1210 3500 1341 3564 tranans
1352 3507 1438 3562 retro
1449 3499 1635 3561 dimidiam:
1652 3497 1729 3560 ltine
1743 3501 1918 3558 cornutum
1932 3513 1967 3557 o·

198 3573 330 3635 teriisse.
347 3574 489 3637 Scribant
519 3593 641 3656 quoque
669 3577 826 3642 Cedrenus
854 3587 885 3642 et
914 3581 1059 3660 Zonaras,
1102 3582 1209 3645 nimai
1224 3598 1343 3662 equum
1356 3588 1457 3660 gestet
1466 3583 1636 3659 posterius.
1652 3581 1729 3642 Tem
1746 3579 1852 3641 mullo
1875 3579 1967 3644 dent·

198 3655 330 3718 Leonem
346 3655 440 3720 illium
471 3657 658 3724 Constantini
688 3659 882 3743 copronymi,
899 3681 969 3727 cum
990 3667 1059 3728 abs·
1103 3681 1177 3744 que,
1191 3671 1319 3746 tamque
1331 3664 1823 3741 miradiuersorurnfornmrum
1842 3661 1967 3740 ubique

199 3739 307 3800 tulisse
336 3755 353 3800 a
370 3741 482 3820 templo
497 3741 649 3820 insignem
665 3759 822 3822 coronam,
838 3763 929 3822 quam
952 3748 1059 3810 llauri·
1102 3747 1242 3810 uarietas
1255 3753 1451 3827 apparendi
1464 3747 1569 3825 magis
1584 3747 1688 3825 legere
1703 3743 1855 3808 licediiu
1878 3759 1967 3806 rucr-

202 3819 262 3882 tius
278 3823 443 3901 imperator
458 3825 621 3887 donaverat
636 3826 673 3888 ad
690 3837 827 3890 ornatum
854 3829 971 3907 templi,
991 3847 1061 3892 mox
1103 3829 1257 3900 mmmm,
1274 3845 1374 3909 quum
1386 3829 1424 3890 in
1437 3829 1612 3900 codicibus,
1628 3833 1795 3908 totumque
1810 3827 1898 3888 diem
1915 3843 1964 3887 oe·

199 3902 337 3967 sensisse
351 3904 383 3968 in
399 3904 497 3984 eapite
519 3924 576 3970 suo
603 3908 717 3988 ignitos
741 3912 957 3983 carbunculos,
987 3913 1060 3977 iude
1104 3911 1373 3991 cupuresiuqulu
1382 3911 1624 3985 istomirondo,
1643 3910 1792 3992 quentin
1814 3909 1884 3988 iege
1908 3907 1966 3970 Dei

200 3993 348 4066 corroepta
362 3987 447 4051 iebre
463 3987 674 4052 ardentissima
690 3990 830 4069 periisse.
1103 3995 1303 4058 meditando.

241 4067 381 4132 Secunda
397 4071 577 4149 propositio:
593 4071 780 4151 Aedificare,
792 4076 973 4140 aeternare
984 4083 1061 4141 iem·
1145 4077 1298 4150 Quantum
1312 4076 1349 4140 ad
1366 4090 1540 4154 personam,
1565 4081 1722 4155 peccatur,
1744 4071 1868 4154 quando
1895 4072 1964 4151 quis

197 4149 266 4228 plo,
283 4151 603 4234 licclsitopuspium
618 4161 647 4218 et
662 4155 793 4223 donam.
820 4165 922 4237 potest
947 4165 1057 4224 tomen
1108 4175 1199 4238 supra
1225 4175 1317 4221 suum
1341 4163 1451 4220 statum
1480 4165 1510 4220 et
1535 4157 1742 4220 conditionem
1770 4154 1834 4216 rult
1857 4171 1967 4218 ornare

200 4233 346 4310 op'rudem
359 4249 439 4314 opus
454 4252 496 4299 eac
511 4237 636 4315 deiectu
650 4238 969 4305 circumstantiarum
981 4243 1062 4321 foci·
1104 4242 1230 4320 templa.
1248 4241 1319 4302 llam
1334 4242 1359 4302 si
1375 4241 1427 4320 qui
1442 4247 1650 4320 paupertatem
1665 4237 1858 4320 profitentur,
1882 4246 1913 4300 et
1924 4239 1965 4299 ri·

202 4315 368 4380 leuitiori.
385 4317 540 4398 Probatur3
566 4327 695 4399 quatuor
723 4323 803 4384 enim
832 4330 904 4385 sunt
932 4325 1062 4388 circum·
1105 4330 1187 4385 etum
1202 4325 1239 4385 ab
1254 4324 1322 4385 aliis
1337 4325 1543 4397 emendicant,
1559 4321 1673 4386 vellent
1699 4317 1862 4384 aedificare
1891 4329 1965 4383 tem·

203 4401 331 4462 stantiae
347 4403 541 4481 praecipuae,
555 4418 592 4465 ex
606 4420 732 4482 quarum
748 4404 868 4470 delectu
880 4407 992 4469 malum
1005 4409 1064 4470 erit
1106 4407 1189 4484 plum
1207 4421 1422 4481 marmoreum,
1439 4413 1469 4468 et
1483 4421 1567 4481 auro,
1583 4421 1619 4466 ac
1634 4402 1765 4485 gemmis
1786 4417 1910 4476 ornare,
1923 4409 1966 4465 et-

200 4499 311 4544 ornere
327 4486 450 4562 temple,
468 4485 612 4548 nimirum
629 4493 761 4567 tempus,
778 4488 876 4560 locus,
907 4490 1016 4553 modus
1032 4497 1063 4552 et
1105 4489 1193 4551 iamsi
1208 4488 1284 4550 iorte
1299 4496 1427 4567 possent
1440 4488 1657 4567 eleemosynis,
1670 4487 1742 4550 hinc
1754 4484 1826 4547 inde
1838 4489 1965 4564 conqui-

201 4580 344 4643 pcrsoua.
360 4565 430 4628 llam
448 4567 478 4628 in
494 4568 601 4646 primis
615 4569 737 4647 quando
752 4571 822 4648 quis
846 4573 1063 4653 teneturjura·
1106 4571 1184 4645 sitis,
1200 4570 1231 4633 id
1243 4570 1357 4644 iacere,
1373 4576 1472 4632 lamen
1488 4585 1549 4632 non
1561 4571 1674 4633 decere
1688 4584 1795 4632 eorum
1817 4567 1966 4646 professi·

201 4665 235 4708 re
251 4647 432 4726 proximum,
449 4667 484 4712 ac
500 4653 678 4728 praesertim
695 4659 848 4730 parentes,
865 4653 1017 4729 autlilios,
1032 4660 1063 4718 ct
1106 4669 1210 4727 onem,
1225 4651 1449 4732 magnificentia
1464 4655 1546 4716 enim
1574 4667 1636 4714 non
1662 4658 1710 4715 est
1730 4651 1965 4721 monachornm,

202 4747 264 4792 non
294 4737 394 4810 polest
419 4732 510 4793 simul
539 4731 699 4812 providere
724 4736 872 4812 proximo.
889 4743 920 4799 et
943 4737 1059 4801 donare
1104 4736 1158 4798 sed
1181 4735 1366 4816 principum.
1381 4736 1480 4814 Quare
1494 4735 1567 4798 laiuc
1582 4735 1671 4798 etiam
1688 4732 1797 4796 merito
1824 4733 1926 4812 arguit
1938 4749 1966 4795 s.

201 4813 327 4892 templo:
345 4820 416 4876 tunc
432 4829 493 4879 nou
508 4821 591 4878 recto
605 4815 686 4882 lacit.
703 4819 728 4878 si
756 4819 903 4894 neglectis
926 4821 1059 4897 parenti·
1105 4817 1280 4880 Bernartius
1296 4818 1511 4882 cluniacenses
1525 4819 1556 4880 in
1571 4818 1622 4879 illa
1637 4817 1875 4896 apologiaquod
1896 4832 1967 4878 euru

201 4895 325 4969 hesrai
340 4896 484 4975 proximis
498 4897 639 4960 aedilicct
654 4899 776 4978 temple.
791 4900 840 4964 tit
854 4902 935 4964 enim
957 4902 1061 4965 Domi·
1106 4901 1246 4964 monaehi
1262 4907 1377 4976 essent,
1394 4908 1496 4963 tamen
1510 4901 1695 4981 sumptibus,
1710 4915 1747 4961 ac
1767 4895 1967 4979 magnillcen·

204 4995 261 5038 raus
277 4977 368 5041 Osee.
385 4979 673 5044 uldeeuordtom
685 4981 838 5056 uolumen
847 4983 1059 5062 sacrificium.
1105 4983 1144 5046 tia
1161 4999 1398 5064 regeseequare
1411 4985 1537 5046 vellent.

203 5059 239 5118 lit
254 5060 345 5124 llarc.
363 5061 393 5126 l.
409 5065 676 5141 reprehenduntur
699 5064 864 5140 Pharisaei,
890 5072 942 5146 qut
965 5069 1056 5130 doce·
1147 5065 1304 5145 Superest,
1334 5073 1367 5128 ut
1390 5068 1426 5127 ad
1453 5070 1628 5145 argumente
1651 5063 1967 5141 initiopropositarc-

202 5142 275 5202 hant
289 5142 500 5208 filiusfamilias
527 5145 638 5209 offerre
654 5147 768 5226 templo
782 5148 990 5221 domnacum
1003 5150 1055 5212 de·
1101 5151 1324 5226 spondeamus.
1339 5149 1381 5210 ad
1394 5148 1470 5211 illud
1486 5149 1587 5228 igitur,
1605 5146 1685 5225 quod
1702 5145 1909 5224 objiciebatur
1930 5163 1967 5206 ea

203 5224 343 5288 trimento
360 5234 528 5306 pareutum.
545 5228 629 5293 Patet
641 5229 673 5292 id
687 5231 777 5294 edam
792 5245 830 5292 ex
842 5231 935 5294 Paulo
949 5234 986 5295 ad
999 5233 1054 5294 llo·
1100 5230 1263 5294 Hieremia:
1279 5230 1380 5294 Nolite
1394 5231 1556 5310 confidere
1566 5229 1715 5292 iuuerbis
1736 5229 1904 5290 mendacii
1915 5229 1966 5290 di·

203 5321 284 5367 maa.
300 5306 330 5370 3.
347 5310 397 5388 qui
413 5312 513 5386 docet,
528 5329 591 5374 nou
604 5327 674 5374 esse
689 5311 825 5375 iacienda
856 5315 943 5388 male,
961 5322 993 5376 ut
1007 5331 1056 5377 re·
1102 5321 1221 5377 centes:
1232 5313 1385 5394 tempium
1396 5315 1536 5385 domini,
1560 5313 1714 5392 tempium
1733 5311 1875 5381 llomini,
1899 5325 1964 5372 res-

202 5391 287 5450 niuut
300 5389 391 5452 bona.
405 5391 543 5474 Denique
558 5411 593 5457 er
610 5395 691 5474 praxi
706 5403 891 5459 sanctorum.
909 5397 960 5477 qui
982 5403 1057 5460 tern-
1103 5398 1270 5476 pondeo,e
1297 5397 1444 5475 propheta
1460 5413 1498 5458 eo
1523 5396 1591 5458 loco
1619 5394 1704 5474 argui
1733 5393 1879 5468 ludaeos,
1910 5393 1965 5474 qui

202 5486 277 5550 pore
292 5485 418 5552 magone
434 5476 626 5541 necessitatis
642 5479 996 5558 pauperum,cooilarunt
1010 5497 1058 5542 ca·
1104 5478 1295 5542 conlidentes
1308 5479 1341 5540 in
1355 5485 1482 5542 externo
1510 5478 1636 5556 templo,
1662 5477 1808 5557 putabant
1830 5475 1914 5555 apud
1929 5493 1965 5538 se

202 5557 279 5618 lices
307 5561 338 5616 et
352 5556 564 5632 vendiderunt,
581 5567 614 5623 ιιι
628 5565 709 5640 patet
724 5577 760 5624 er
785 5565 926 5626 ambros.
951 5563 1005 5624 lib.
1025 5561 1055 5624 2.
1104 5577 1175 5626 esse
1190 5562 1299 5632 Deum,
1315 5568 1345 5624 ct
1362 5577 1397 5626 se
1412 5561 1499 5642 diligi
1515 5579 1531 5622 a
1547 5560 1624 5635 Deo,
1648 5575 1706 5622 nec
1733 5573 1805 5622 csse
1833 5563 1963 5622 uentura

203 5636 563 5718 pseudisodomum
589 5646 670 5705 enim
703 5650 837 5724 ternpore
864 5644 1057 5708 necessitatis
1103 5661 1137 5708 ea
1154 5645 1243 5720 mala,
1271 5661 1349 5724 quae
1374 5643 1657 5725 praedicebantura
1687 5641 1859 5723 prophetis,
1891 5643 1964 5722 quia
