4086 6296
319 340 355 400 ot
1006 335 1052 400 llll
1070 333 1243 400 sooncills

219 477 305 542 llaec
328 475 394 538 ille.
409 471 466 538 tini
492 470 583 537 etiaur
596 467 754 535 tutissima
779 467 888 548 probat
903 513 913 548 ,
929 486 1079 538 maesse
1120 468 1913 552 pasquamnonnnciltointneiamtmocaten
1921 486 1989 536 mo·

220 558 448 641 provocandum
463 572 480 619 a
496 552 649 633 Scriptura
664 550 702 616 od
716 551 843 617 Patres,
1066 603 1067 608 ,
1095 591 1102 596 ι
1124 554 1240 616 leatrcm
1260 559 1305 618 est
1319 555 1356 618 in
1368 554 1661 638 persequutionesi
1673 553 1843 635 qnisaolos
1856 553 1989 636 sopiat,

262 641 323 706 sed
339 641 413 704 dom
429 640 504 701 hoec
516 634 675 712 diadinae
691 634 765 698 milii
781 650 947 714 prouocare
960 637 1080 703 ridetur
1124 651 1225 718 auam
1236 637 1583 716 conquassationes
1608 653 1675 702 case
1689 637 1729 702 dc
1742 652 1849 702 umore
1863 642 1893 700 et
1907 635 1987 700 lits·

221 743 238 789 a
254 723 388 788 modone
414 721 451 784 ad
468 717 689 800 impudentiam
703 763 712 792 ,
728 735 744 780 a
759 718 886 782 raritate
901 719 939 784 ad
953 721 1080 786 manda·
1121 719 1179 782 ria.
1196 717 1296 782 Tertia
1310 734 1428 784 catoso
1443 727 1498 795 ast,
1512 720 1593 802 qaia
1607 721 1672 786 illis
1689 717 1885 798 temporibus
1900 719 1985 784 olari·

220 807 381 884 eium;lloo
397 805 478 868 enim
494 799 637 866 catholici
651 802 793 864 docmres
808 808 1011 881 provocarunt
1022 820 1076 868 uo·
1123 801 1234 864 aliano
1245 801 1360 880 calipto
1385 804 1480 882 proci
1493 802 1664 868 laborabat
1681 801 1845 880 irsfomios
1862 817 1938 866 com
1954 819 1985 866 e·

112 911 115 916 ·
222 907 312 971 qoam
328 905 344 951 a
360 887 513 967 Scriptura
530 885 568 948 od
584 883 705 957 Patras,
723 883 778 946 sed
795 884 827 946 io
842 882 1018 964 Scripturas
1032 886 1082 949 in··
1122 884 1293 948 rimantis
1308 885 1530 960 antatcaanis,
1547 883 1779 950 clinteocliris
1793 891 1881 950 mma
1892 886 1987 964 prin·

220 971 389 1054 lalliqenlia
404 987 421 1032 a
434 968 552 1049 judicio
567 977 735 1047 paucorum
750 965 1019 1038 seditiosoramad
1029 967 1079 1049 ju·
1123 967 1234 1045 cipum
1248 968 1293 1031 ad
1308 966 1444 1050 hymnos
1460 976 1647 1050 alapenses
1661 968 1987 1048 comacinaapopa-

221 1055 336 1119 dicium
353 1052 515 1116 multorum
537 1048 834 1128 sapientissimorum
851 1055 881 1122 et
894 1052 1079 1129 optimorum
1124 1047 1173 1111 los
1189 1050 1292 1128 eoepit
1314 1051 1478 1130 suspicari
1491 1051 1564 1115 illos
1588 1053 1638 1114 ali
1652 1051 1738 1115 inter
1750 1066 1785 1114 se
1797 1051 1984 1130 promiscuo

219 1138 374 1210 uirorum,
392 1135 440 1198 sal
467 1134 557 1196 aliana
583 1129 732 1210 ajuoiun
757 1133 853 1211 partis
877 1131 1078 1214 adjudicium
1123 1130 1306 1208 ammian
1324 1139 1353 1196 el
1365 1133 1498 1212 noiomo
1513 1134 1650 1200 libidine
1664 1131 1763 1196 etc.El
1777 1133 1865 1198 inira:
1883 1135 1984 1214 llqscc

220 1222 366 1286 aliorum.
384 1217 437 1296 qui
454 1224 555 1300 partos
570 1231 632 1281 noo
642 1215 722 1278 taint.
736 1212 775 1276 lit
789 1216 873 1278 enim
889 1215 921 1277 in
937 1217 1078 1282 trumonis
1122 1229 1163 1277 ec
1176 1214 1287 1293 prolia
1310 1229 1470 1295 moqaom
1480 1232 1658 1282 nummum
1672 1214 1804 1282 ooeboot
1815 1217 1984 1298 oirptnam

219 1301 326 1366 litibus
351 1315 423 1364 oum
447 1300 519 1362 duo
534 1297 725 1370 contendunt
739 1302 769 1361 cl
791 1296 930 1378 judicem
944 1295 1079 1379 aliquem
1122 1302 1152 1360 el
1166 1296 1448 1374 coelibumliuarta
1462 1315 1580 1366 caussa
1594 1297 1982 1382 estqaiaooncpansec-

219 1385 390 1465 appellant,
407 1397 470 1444 aon
484 1389 650 1461 prorocaot
664 1398 681 1446 o
695 1380 765 1460 lcpe
781 1379 818 1444 ad
827 1379 976 1461 judicem,
994 1383 1079 1449 seda
1121 1395 1208 1453 rom,
1222 1381 1283 1526 aaa·
1296 1391 1499 1447 accesserant
1513 1383 1558 1446 ad
1574 1382 1744 1457 comtum,
1760 1387 1831 1446 crat
1841 1381 1982 1448 etinten-

218 1476 306 1547 parta
320 1465 458 1546 litigante
473 1465 510 1526 ad
524 1463 675 1545 judicem.
692 1462 729 1526 Et
742 1463 769 1526 sl
784 1476 892 1536 rursus
904 1462 1001 1544 judex
1016 1481 1079 1531 noa
1121 1477 1208 1526 ram.
1251 1463 1326 1530 tilii
1336 1465 1484 1529 memma
1507 1481 1634 1546 semper·
1650 1462 1872 1546 suspiciebant
1884 1466 1982 1546 oirqi

217 1547 564 1627 salislaciatprorooanl
576 1549 686 1613 itcrorn
701 1561 763 1608 non
779 1563 796 1608 a
811 1545 951 1689 tepesco
966 1548 1005 1612 ab
1017 1565 1078 1618 uno
1121 1547 1257 1610 nitatem
1272 1553 1301 1611 et
1315 1544 1518 1612 eoclibclson.
1824 1623 1825 1631 ἵ

216 1633 323 1715 judica
338 1631 376 1694 atl
391 1629 497 1707 alium,
515 1629 616 1696 donoc
630 1630 767 1696 veniatur
779 1627 819 1693 ad
833 1646 850 1690 a
864 1629 978 1708 lquem,
989 1648 1005 1694 a
1018 1649 1079 1712 qua
1154 1627 1209 1692 liic
1222 1643 1279 1692 nos
1290 1628 1887 1708 respondemusd’riroamcaussamessa
1899 1645 1985 1709 praa·

219 1715 377 1796 provocari
404 1729 465 1775 noo
481 1713 591 1792 possit.
608 1714 650 1777 lta
668 1726 792 1796 quoque
807 1712 839 1773 ln
853 1709 991 1776 Ecclesia
1007 1731 1079 1782 cum
1122 1710 1244 1790 ‚clauom
1269 1717 1300 1776 el
1314 1713 1525 1788 verissim
1550 1713 1694 1781 nimitum
1721 1711 1813 1778 verbo
1829 1711 1939 1776 Chrisli
1955 1719 1986 1776 el

217 1799 357 1863 oriuntur
371 1795 462 1868 lites,
477 1796 682 1874 inspiciuntur
695 1797 782 1871 lepos
797 1793 930 1870 diuinae,
946 1812 1025 1875 quae
1040 1800 1078 1861 ab
1121 1792 1266 1872 apostoli.
1282 1793 1369 1870 Quod
1385 1802 1486 1860 autem
1501 1795 1584 1859 addit
1599 1796 1720 1878 llartpr,
1738 1801 1862 1860 sanctos
1878 1797 1983 1860 ladas

218 1881 364 1944 omnibus
376 1877 668 1956 recipiunturonoo
684 1878 710 1944 si
724 1878 763 1938 lis
776 1893 837 1939 uon
849 1875 1078 1961 liniatur,quae·
1122 1876 1270 1954 debuisse
1284 1877 1700 1959 cogitatequcmaomooom
1715 1876 1767 1942 illa
1782 1885 1889 1942 essent
1903 1880 1984 1942 aeci·

217 1967 296 2026 ritur
306 1962 413 2043 iudas.
426 1976 487 2023 nnn
504 1963 586 2040 quod
603 1961 776 2042 Scripturas
791 1975 853 2022 noo
865 1961 1077 2038 arelatenses
1121 1957 1234 2040 pianda
1243 1985 1255 2036 ,
1273 1960 1419 2028 coincidit
1445 1977 1516 2024 cum
1536 1962 1740 2042 responsione
1766 1961 1932 2042 superiori.
1948 1959 1983 2028 ld

218 2046 300 2125 quod
316 2043 355 2108 da
370 2043 437 2122 ipsa
454 2042 608 2122 Scriptura
625 2043 764 2123 quaestio
779 2042 830 2106 sit.
845 2041 1075 2124 Ilaqueprorc·
1121 2043 1205 2106 enim
1220 2046 1268 2106 ast
1282 2043 1523 2122 quncnnrauuis
1537 2044 1662 2116 tandem
1677 2042 1777 2124 magis
1792 2044 1981 2108 eredendum

218 2137 324 2192 eamus
339 2127 376 2188 ab
392 2123 595 2204 explicatione
608 2126 772 2192 adversarii
785 2125 985 2206 litigantisad
998 2129 1077 2198 arbi·
1120 2125 1161 2188 sit
1184 2124 1216 2188 in
1242 2140 1351 2190 coruus
1378 2127 1516 2190 locorum
1540 2126 1769 2206 explicatione,
1787 2125 1926 2191 Patribus
1943 2141 1983 2192 oe

215 2210 306 2273 trium
322 2208 505 2289 sapientium
521 2215 551 2272 al
565 2211 756 2290 paritorum,
773 2209 826 2288 qui
841 2215 911 2272 anta
926 2210 1010 2276 litam
1027 2227 1078 2276 ex·
1120 2207 1345 2286 antiquissimis
1360 2213 1390 2272 et
1401 2209 1604 2274 sanctissimis
1619 2215 1650 2274 et
1663 2207 1862 2283 doctissimis,
1871 2227 1910 2274 au
1925 2210 1982 2274 Lo·

220 2299 317 2357 ortam
331 2291 513 2356 floruerunt.
529 2290 616 2366 Quod
631 2294 658 2356 si
672 2293 718 2356 illi
733 2293 813 2356 inter
827 2308 862 2355 sc
874 2292 1003 2358 tortasse
1016 2311 1078 2362 non
1119 2290 1208 2354 thero
1223 2297 1254 2354 al
1268 2289 1472 2356 Caluinosed
1482 2297 1565 2356 certa
1580 2308 1642 2357 aon
1654 2292 1743 2357 rideo
1755 2293 1909 2371 quomodo
1920 2310 1983 2357 atu·

217 2372 423 2450 conueniant,
441 2388 642 2454 prorooamos
657 2375 695 2438 ad
711 2374 869 2442 Ecclesiae
883 2375 977 2440 totius
990 2376 1074 2458 judi·
1120 2372 1183 2453 olgi
1199 2374 1298 2453 possit
1312 2373 1352 2437 de
1365 2375 1423 2438 liae
1437 2389 1471 2438 ro
1486 2393 1495 2453 3
1510 2391 1580 2438 nam
1595 2376 1622 2438 si
1639 2375 1739 2438 statim
1755 2375 1794 2437 ab
1809 2376 1958 2454 apostolis
1973 2423 1982 2452 ,

216 2458 311 2528 cium,
327 2457 419 2528 idest,
435 2455 472 2518 ad
488 2456 599 2520 summi
614 2459 758 2539 pastoris,
771 2458 819 2522 rel
834 2459 988 2540 generalis
1003 2477 1076 2526 coo·
1124 2461 1157 2518 ut
1172 2455 1282 2538 llartpr
1295 2455 1381 2533 dicit,
1397 2456 1568 2522 floruerunt
1580 2457 1685 2522 Patres
1697 2457 1898 2536 illi‚protocto
1909 2475 1982 2542 apo·

215 2539 281 2605 cilii
295 2537 518 2608 definitionem.
1118 2537 1216 2602 stolos
1231 2538 1316 2618 ipsos
1332 2539 1438 2603 audine
1454 2544 1486 2604 al
1499 2539 1664 2604 consulere
1678 2545 1895 2621 potueruntne
1909 2557 1979 2624 pro·

258 2621 389 2698 Quodsi
403 2621 473 2700 quis
488 2620 590 2684 adhuc
606 2623 731 2690 talitali
749 2623 809 2688 isto
821 2621 928 2703 judica
941 2624 980 2688 ad
996 2625 1077 2690 Scri·
1118 2619 1191 2686 iude
1205 2620 1298 2703 longa
1310 2621 1426 2686 melius
1439 2622 1531 2687 sorbo
1547 2622 1671 2688 illorum
1685 2621 1871 2704 intelligere,
1887 2639 1980 2704 quam

215 2710 337 2786 plurem
353 2719 532 2782 prouocare,
549 2703 631 2771 idern
646 2707 728 2782 tacit,
745 2723 782 2772 ac
796 2707 822 2772 sl
837 2707 907 2786 quis
921 2707 954 2771 in
969 2708 1074 2774 ltuma·
1120 2702 1192 2780 isti,
1209 2705 1262 2785 (lui
1277 2705 1361 2770 mille
1386 2710 1416 2770 θῑ
1430 2704 1607 2787 quississnlls
1631 2707 1721 2770 illinis
1742 2710 1813 2787 9⁰⁸1
1825 2707 1982 2786 ³9⁰810108

216 2787 390 2852 nislilibus
414 2792 587 2865 apraetore
611 2789 1073 2873 protocaraladlagem3quod
1121 2785 1256 2851 tucrum.
1379 2823 1381 2829 ,
1423 2865 1425 2870 Ι

215 2870 381 2936 ridiculum
406 2874 510 2942 esset,
527 2882 598 2932 eom
623 2872 700 2936 uihil
715 2874 756 2936 sit
769 2871 853 2936 aliod
877 2889 1074 2952 provocares
1161 2868 1301 2934 Secunda
1323 2873 1355 2934 ct
1367 2867 1467 2934 Tertia
1478 2885 1586 2934 caussa
1600 2875 1767 2952 potueruut
1780 2869 1906 2952 quidem
1920 2888 1983 2936 mo

215 2959 358 3034 praetore
372 2952 411 3018 cd
426 2951 666 3032 legent,quando
680 2954 719 3018 de
729 2970 829 3018 sensu
843 2955 922 3034 lepis
935 2959 1073 3036 quaestio
1121 2957 1258 3016 manium
1284 2951 1407 3033 aliquod
1422 2951 1537 3018 habere
1561 2953 1599 3016 ad
1619 2954 1809 3018 suadendam
1823 2957 1983 3018 contiuea-

216 3043 275 3109 cst,
289 3051 380 3114 quam
394 3048 560 3114 provocare
575 3052 591 3096 a
606 3038 759 3101 sententia
774 3037 892 3116 publici
903 3037 1020 3119 judicis
1034 3041 1073 3110 ad
1115 3035 1200 3112 tiam,
1212 3034 1267 3099 scd
1283 3051 1345 3098 non
1358 3033 1456 3101 tuisse
1466 3052 1596 3102 caussas
1610 3035 1792 3117 praecipuas
1807 3036 1901 3118 hujus
1915 3037 1981 3114 rei,

216 3135 307 3182 suum
322 3116 491 3196 proprium,
507 3117 719 3199 priuatamque
730 3119 893 3200 judicium.
1114 3117 1206 3182 laelio
1219 3117 1397 3198 probamus.
1415 3117 1526 3192 Primo,
1543 3119 1614 3199 quia
1628 3119 1744 3196 Patres,
1769 3119 1843 3184 duur
1856 3119 1983 3185 laudant

257 3200 305 3275 At,
320 3199 421 3280 inquit
434 3197 560 3274 Petrus,
577 3201 667 3262 etiam
682 3202 787 3266 Patras
802 3219 911 3268 omues
926 3209 956 3267 at
971 3205 1072 3270 conci·
1117 3207 1148 3264 et
1162 3200 1311 3280 {suadent
1333 3199 1551 3266 continentiam
1572 3208 1603 3264 et
1622 3203 1830 3266 continentiae
1855 3212 1981 3280 rorum,

212 3283 276 3358 lia,
292 3282 365 3346 licet
380 3283 461 3346 inter
474 3295 509 3344 se
524 3282 639 3361 optime
652 3285 867 3362 consentiant,
885 3301 987 3352 errare
1001 3304 1070 3366 pos·
1115 3297 1283 3363 numquam
1297 3283 1439 3354 adierunt
1451 3283 1526 3346 istas
1541 3287 1739 3363 caussas‚sed
1754 3285 1844 3349 rarba
1858 3283 1982 3364 Christi,

214 3370 297 3440 sunt,
314 3365 374 3430 nisi
390 3380 460 3428 oum
475 3364 568 3426 uerbo
583 3365 637 3428 lici
653 3368 858 3432 consentiant.
875 3367 1069 3449 Respondes:
1115 3366 1324 3444 apostolorum
1340 3371 1370 3428 al
1385 3367 1614 3445 prophetarum.
1637 3365 1786 3442 Quocirca
1800 3367 1870 3448 ipse
1888 3371 1980 3433 ctiam

213 3448 248 3512 ld
263 3447 388 3527 quidem
409 3462 622 3524 essenorum,
640 3449 695 3514 sad
712 3449 975 3530 assumptionem,
992 3469 1071 3533 quaa
1115 3447 1223 3512 Petrus
1238 3447 1347 3528 llanpr
1359 3447 1607 3530 fatetur,semper
1619 3445 1761 3515 Patribus
1771 3449 1869 3514 luisse
1882 3452 1915 3514 in
1927 3467 1981 3518 ore

215 3530 398 3604 subticetur,
415 3545 489 3608 assa
500 3527 620 3604 ialsam,
637 3532 779 3597 nimirum
792 3549 887 3614 posse
897 3550 1006 3598 omnes
1018 3536 1071 3599 Pa·
1115 3529 1207 3594 sorba
1223 3530 1355 3606 Christi,
1371 3537 1404 3594 el
1418 3531 1502 3596 Pauli
1516 3579 1529 3607 ,.
1542 3547 1601 3596 nce
1616 3533 1715 3598 attulit
1729 3534 1825 3597 ullum
1843 3536 1982 3598 testimo·

215 3623 290 3689 tres,
307 3619 359 3677 out
373 3612 505 3676 coneilio
517 3612 654 3693 legitima
670 3622 700 3678 et
714 3617 965 3696 apprehensum
977 3619 1071 3682 uerbo
1115 3615 1201 3677 nium
1215 3611 1346 3694 alicujus
1361 3614 1490 3687 octenis,
1506 3615 1557 3695 qui
1573 3613 1732 3695 scripserit
1745 3617 1982 3695 suspiciendum

212 3695 269 3760 Dei
285 3712 347 3759 uon
362 3695 550 3759 consentire.
568 3695 714 3776 Erempla
729 3705 925 3781 aulamquae
938 3700 1007 3782 ipsa
1019 3702 1071 3764 ad·
1116 3711 1187 3760 csse
1201 3743 1209 3772 ,
1225 3695 1273 3760 rel
1299 3696 1531 3783 suscipiendum
1552 3698 1735 3762 coelibatum
1760 3700 1799 3762 oli
1823 3697 1930 3780 tapam
1952 3705 1983 3764 iu

213 3778 286 3854 lert,
298 3778 374 3841 nillil
390 3778 472 3846 aliud
489 3778 611 3856 probat,
628 3779 688 3844 nisi
704 3795 799 3859 possa
813 3781 918 3846 Patres
932 3783 1071 3864 singulos
1115 3779 1423 3862 persequutionem
1431 3779 1470 3842 ob
1478 3780 1678 3846 rclallaodam
1685 3782 1870 3846 columniam
1880 3783 1982 3846 ethni·

215 3861 346 3925 seorsim
361 3868 391 3924 at
406 3860 536 3924 eoncilia
561 3861 719 3942 illegitima
735 3869 766 3928 el
779 3865 941 3945 reprobata
956 3882 1071 3934 errare.
1116 3878 1233 3926 corum.
1252 3862 1416 3936 Secundo,
1433 3863 1460 3925 si
1475 3863 1550 3927 istae
1574 3862 1705 3928 luissent
1719 3879 1848 3932 caussae
1863 3866 1982 3944 praeei-

215 3942 386 4008 Concilium
401 3943 483 4008 anim
499 3941 538 4006 tl.
554 3944 739 4023 ephesinum
753 3953 784 4012 al
798 3949 1071 4028 constantinopoli·
1116 3962 1196 4024 puae
1209 3989 1218 4020 ,
1230 3943 1411 4026 jamdudum
1431 3951 1586 4008 cassasset
1609 3946 1767 4013 admiratio
1782 3948 1981 4026 coelibatus3

212 4033 318 4090 tanum
343 4025 401 4090 solt
418 4027 520 4090 laona
544 4024 768 4103 iconomacho,
783 4045 916 4108 quorum
930 4033 1071 4113 exempla
1114 4027 1739 4110 uamcaussaeillachrcrissimotcmpora
1751 4031 1983 4095 durarunlul'on

211 4109 322 4189 llartpr
335 4107 471 4184 adducit,
488 4125 579 4172 namo
594 4112 693 4174 nescit
707 4111 808 4190 qualia
823 4111 946 4176 luerint.
1113 4116 1218 4174 autaut
1242 4111 1283 4172 ita
1298 4116 1366 4186 cst,
1382 4111 1439 4175 scd
1454 4126 1578 4190 semper
1603 4111 1699 4193 magis
1713 4118 1745 4176 at
1758 4113 1857 4194 magis
1874 4112 1907 4178 ln
1924 4114 1980 4178 Ec·

254 4192 356 4256 Altera
372 4192 439 4271 ejus
454 4191 616 4270 responsio
631 4193 797 4258 celidros
808 4194 933 4273 quidem
944 4195 977 4259 id
988 4213 1072 4261 assa·
1113 4192 1209 4256 alesia
1222 4191 1346 4268 floruit,
1369 4198 1400 4256 el
1413 4192 1507 4275 riguit
1518 4195 1617 4260 oooor
1630 4193 1837 4260 continentiae
1853 4195 1921 4260 lieo
1933 4213 1981 4260 sa·

215 4291 295 4349 rere,
313 4276 394 4355 quod
411 4292 467 4338 nos
482 4275 635 4350 dicimus,
651 4276 708 4340 sed
725 4291 873 4342 nonessc
888 4278 1070 4353 audiendos,
1114 4281 1214 4340 cratae
1229 4292 1266 4338 ae
1280 4277 1418 4341 dotatae.
1602 4321 1604 4326 -
1689 4287 1697 4331 l

213 4357 293 4432 qood
309 4373 371 4421 non
387 4356 550 4421 habuerint
558 4357 671 4436 justam
687 4375 826 4424 caussam
842 4360 873 4422 id
888 4362 1069 4425 asserendi:
1156 4357 1265 4437 Quanta
1273 4374 1382 4423 caussa
1396 4357 1562 4424 talsissina
1577 4364 1709 4431 osteum
1716 4363 1835 4425 constet
1846 4361 1982 4424 coeliba-

215 4438 303 4502 Ccrle
318 4487 325 4512 ,
341 4440 442 4517 inquit
454 4487 462 4512 ‚
476 4445 514 4502 til
527 4439 616 4519 quoti
634 4458 746 4506 comm
760 4449 804 4504 eat
817 4443 1002 4520 fateamur,
1019 4461 1071 4510 eos
1116 4447 1179 4505 tum
1193 4439 1225 4503 ln
1240 4439 1380 4506 Ecclesia
1395 4457 1455 4504 nou
1468 4458 1484 4502 a
1496 4441 1735 4522 gentilibus‚sed
1746 4461 1762 4506 a
1771 4441 1897 4524 judaeis
1910 4461 1981 4507 coa·

211 4523 249 4584 ia
264 4521 325 4586 ltcc
339 4537 457 4586 eaoasc
480 4520 634 4586 habemus
646 4525 838 4602 iniquiores.
856 4525 971 4590 Statim
984 4528 1073 4592 eninr
1115 4524 1212 4604 pisse.
1222 4523 1380 4605 Siquidem
1395 4522 1534 4588 caristus
1548 4523 1616 4602 ipsa
1631 4525 1826 4604 ningomnrar
1838 4525 1910 4606 eiua
1922 4527 1982 4590 uir-

213 4603 254 4667 ob
270 4603 489 4683 apostoloram
515 4606 710 4683 temporibus
724 4609 865 4671 misniam
888 4609 989 4674 intui
1002 4627 1069 4674 eoo·
1114 4622 1166 4686 go,
1181 4605 1315 4671 ioannes
1331 4607 1425 4686 virgo,
1435 4605 1564 4686 apostoli
1580 4623 1688 4670 omnes
1702 4616 1773 4688 post
1786 4609 1981 4675 uocationem

208 4695 304 4766 ptum
315 4690 361 4750 est
375 4687 567 4756 coelibatui.
585 4687 702 4768 quibas
723 4696 831 4754 comm
846 4693 885 4754 dc
900 4694 1021 4756 cattasis
1035 4695 1072 4758 id
1115 4705 1201 4754 soora
1219 4691 1426 4764 continentes,
1442 4705 1480 4752 er
1489 4687 1690 4770 Juoaaismnn
1703 4706 1742 4754 ex
1757 4693 1907 4772 pentibus
1920 4694 1983 4755 nati

210 4771 335 4846 foetaun
348 4770 410 4844 sil,
426 4771 649 4850 supranaollis
662 4770 766 4838 ambo
791 4774 973 4842 docuimus.
989 4777 1070 4842 llaec
1116 4773 1244 4851 lucrant.
1261 4771 1308 4834 llli
1323 4773 1415 4838 ctiam
1431 4771 1521 4852 priuti
1538 4768 1710 4846 christiani,
1723 4775 1777 4854 qui
1792 4773 1823 4836 in
1840 4775 1983 4856 Aegypto

213 4853 280 4916 illa.
318 4901 320 4906 .
364 4861 367 4868 '
836 4901 839 4908 .
1116 4855 1334 4922 continentiam
1350 4853 1569 4930 colabaot,de
1591 4854 1704 4935 quibus
1719 4855 1826 4920 scribit
1842 4857 1934 4921 Philo
1950 4859 1981 4920 in

251 4935 361 5000 Docuit
373 4941 475 4998 aulem
491 4948 581 5015 sopra
597 4980 606 5011 ,
623 4942 752 5016 quatuor
777 4953 848 5002 assa
862 4955 1000 5014 caussas,
1017 4957 1072 5006 our
1116 4937 1171 5000 lib.
1189 4936 1229 5000 de
1243 4937 1301 5000 tila
1315 4938 1548 5017 contemplativa
1562 4938 1750 5018 supplicum,
1761 4955 1799 5004 ax
1806 4939 1981 5020 judaismo,

210 5015 298 5082 initio
313 5019 472 5085 Ecclesiae
488 5019 627 5097 eoeperit
640 5019 701 5081 coli
715 5020 904 5086 coelibatus:
924 5019 987 5086 Gttr
1000 5028 1072 5087 tort·
1117 5036 1180 5084 uon
1195 5035 1234 5084 ox
1248 5019 1438 5100 paganismo,
1453 5020 1492 5084 ad
1507 5019 1678 5086 Ecclesiam
1693 5029 1852 5086 uenerant.

212 5101 254 5167 lo.
270 5100 381 5176 inquit,
397 5103 436 5168 ira
447 5105 552 5182 prelio
566 5102 737 5180 oirqinitos
748 5101 858 5181 deerit,
871 5120 988 5168 caussa
1001 5123 1073 5170 ona
1157 5101 1255 5178 Adde,
1271 5101 1354 5182 quod
1369 5101 1475 5166 Patras
1489 5102 1598 5183 llarqn
1613 5105 1797 5186 contrarium
1809 5105 1940 5186 scripsit
1952 5107 1983 5168 in

213 5194 280 5268 esse
292 5185 505 5266 potest,qood
521 5182 664 5247 Christro
678 5184 882 5262 diceritesac
893 5189 1070 5262 moechos,
1119 5186 1337 5250 commentario
1352 5185 1389 5247 ad
1406 5201 1474 5264 cap.
1491 5185 1520 5248 i.
1536 5185 1647 5266 prioris
1662 5188 1700 5249 ad
1717 5185 1912 5262 Corinthios,
1929 5189 1983 5252 ubi

213 5261 271 5354 qai
283 5277 317 5324 se
331 5271 554 5330 castraverant
564 5274 696 5345 propter
709 5281 849 5348 reprom
862 5270 1069 5348 coelorummt
1113 5266 1158 5330 sie
1173 5271 1225 5332 ait:
1240 5267 1346 5350 llaqoo
1354 5267 1544 5344 iudicamus
1559 5269 1599 5332 de
1611 5267 1877 5352 coelicolaqocd
1888 5273 1933 5334 sit
1944 5275 1983 5334 in

209 5357 247 5438 art
258 5358 331 5408 eona
342 5351 535 5440 sententiam
542 5349 837 5429 permultoi'caloe
847 5351 942 5416 habet
951 5354 989 5416 in
998 5369 1067 5431 sep·
1112 5353 1288 5430 praesenti,
1303 5356 1340 5414 ut
1353 5350 1506 5416 hactemus
1521 5355 1591 5414 mot
1603 5350 1872 5428 iniodoismoet
1887 5355 1983 5434 opud

210 5429 287 5486 timo
302 5435 407 5503 captio
417 5431 536 5506 prioris
551 5431 753 5508 adssoriotle.
763 5433 849 5498 Haec
863 5451 944 5504 sorte
959 5435 1067 5500 Patres
1115 5435 1268 5514 ethnicos,
1281 5449 1402 5514 possim
1416 5429 1699 5502 massmanno
1713 5437 1802 5500 enim
1817 5435 1929 5504 Cicero
1942 5439 1984 5502 dc

204 5508 663 5602 ,senperlmbuerutitinore
680 5517 739 5580 aad
753 5531 805 5580 eos
821 5519 962 5596 ospitare
976 5535 1068 5598 opor·
1115 5515 1258 5596 lapibus,
1275 5509 1407 5580 coelibes
1433 5531 1499 5579 esse
1511 5514 1713 5598 proitideoto.
1731 5515 1873 5584 doristus
1889 5519 1982 5584 nano

214 5595 285 5664 tuot,
300 5593 575 5669 qaamoannnoann
590 5601 695 5660 essent
709 5598 916 5679 accipianda.
931 5599 966 5661 Et
979 5601 1066 5671 intra,
1114 5598 1332 5680 ipsominiom
1346 5597 1518 5662 coelibatus
1533 5599 1653 5664 omooit
1667 5606 1725 5665 etc.

211 5671 308 5754 illlam
324 5685 442 5736 eoosso
457 5680 609 5758 estquod
623 5679 679 5742 illo
696 5685 837 5762 tempore
851 5699 964 5763 proces
979 5688 1071 5748 eram
1157 5679 1251 5745 Porro
1276 5682 1437 5766 gentillum
1458 5680 1631 5746 testimonia
1655 5682 1834 5748 adferuntur
1849 5685 1984 5766 quidem
2034 5753 2035 5766 q
