4082 6300
277 311 313 371 le
895 303 941 364 Di}
960 299 1317 364 ecclesiasticarum

208 447 259 511 sti.
271 447 443 520 Praeterea,
455 459 516 508 non
529 441 652 525 proprio
664 440 895 506 unircharaoter
906 439 1064 504 hominem
1109 435 1265 500 reatinum
1279 433 1456 516 Pupienum:
1469 434 1624 512 Ecclesia,
1641 433 1752 517 inquit,
1764 435 1907 514 estolebs
1918 453 1974 502 aa·

208 546 281 596 cum
302 528 413 609 eapite,
437 526 493 589 sed
516 533 563 591 esi
582 528 705 605 signum
722 525 881 602 potestatis
895 527 927 586 et
941 523 1064 588 unionis
1111 520 1233 582 cerdati
1248 521 1408 595 adamata,
1427 521 1594 598 etpostori
1606 535 1762 598 euoprem
1772 521 1971 596 adhaereas,

208 611 384 694 cujusdam,
397 615 428 673 ιι
440 609 510 672 ideo
522 609 553 672 in
566 608 696 683 interno,
708 607 1065 688 iliosignoocgnoscen·
1110 602 1296 665 ardescere
1311 600 1416 674 cedes,
1433 603 1621 682 mutinum
1632 603 1672 666 iu
1685 603 1830 676 Ecclesia
1845 619 1924 677 esse,
1941 607 1973 667 el

208 703 269 772 tur,
285 692 337 775 qui
352 693 475 756 luerunt
488 691 624 754 membra
641 689 765 753 Christi.
783 688 870 763 Quod
885 696 988 752 autem
1005 705 1067 758 non
1110 685 1288 748 Ecclesiam
1307 685 1356 754 ia,
1367 685 1528 764 episoma,
1551 689 1582 748 ιι
1600 685 1631 748 si
1650 687 1709 766 qai
1730 694 1805 748 cam
1820 687 1973 766 episcopo

207 778 304 846 uniat,
330 779 425 856 patel;
453 791 522 836 nam
551 789 612 836 non
627 774 696 835 unit
710 771 858 846 exterius,
875 787 945 834 curn
961 775 1002 834 sit
1015 787 1066 836 res
1110 783 1180 830 aon
1193 768 1269 836 sict,
1284 767 1323 830 ia
1336 767 1481 830 Ecclesia
1499 783 1569 831 aaa
1582 783 1648 830 csse
1663 773 1722 832 etc.
1739 769 1776 830 itt
1790 773 1874 842 certe
1890 772 1976 832 schi-

207 858 385 930 inrisihitis:
410 873 469 920 nec
487 857 630 931 interius,
654 871 725 919 cum
747 871 809 919 non
831 855 872 916 ιιι
892 861 991 930 ιιιιι,
1007 868 1067 918 ιιι
1111 849 1231 914 smatici
1253 866 1323 911 cuin
1339 850 1486 931 episcopo
1502 867 1564 915 non
1579 857 1663 926 sunl,
1688 851 1781 932 igitur
1794 867 1853 915 uec
1867 851 1900 914 in
1915 851 1977 917 Ec·

207 943 332 1006 habitus
347 941 532 1020 operatirus.
549 937 637 1002 Unde
649 938 681 1001 h.
696 939 827 1002 Thomas
838 937 969 1020 primam
979 939 1068 1004 nnio·
1112 932 1207 998 alesia
1222 939 1313 1020 suni,
1456 947 1468 958 ·

210 1041 284 1090 nem
298 1025 449 1089 internam
464 1022 551 1103 ponii
564 1024 596 1086 ia
610 1021 687 1086 lide:
826 1057 827 1062 1
1115 1069 1119 1078 .
1153 1013 1388 1096 chrysostomus
1398 1015 1483 1078 hom.
1496 1015 1526 1078 3.
1539 1014 1572 1078 in
1584 1015 1675 1096 episi.
1690 1015 1720 1078 ι.
1733 1015 1770 1078 ad
1783 1014 1973 1082 Corinthios:

1112 1095 1312 1173 Schismatis,
1329 1099 1439 1177 innuli,
1454 1099 1677 1180 significantia
1690 1099 1769 1162 sotis
1781 1115 1834 1162 eos
1848 1102 1974 1180 arguit,

550 1193 669 1260 CAPUT
690 1194 727 1261 i.
1111 1181 1162 1244 oct
1181 1183 1290 1260 polias
1310 1183 1390 1246 satas
1412 1186 1458 1245 est
1480 1182 1549 1262 citas
1572 1181 1760 1264 appellatio,
1783 1199 1869 1263 quae
1883 1183 1980 1248 aebe-

1112 1268 1237 1327 mcatcr
1256 1280 1309 1326 cos
1330 1271 1454 1344 tangat.
1488 1263 1559 1330 lica
1580 1266 1668 1328 etaim
1693 1265 1805 1344 piures
1825 1267 1978 1344 integrae

494 1347 538 1414 Ee
558 1350 784 1416 schismaticis.
1110 1353 1220 1425 portes
1234 1347 1339 1422 iactae
1352 1351 1440 1418 sant,
1456 1349 1515 1411 sed
1527 1361 1599 1412 aaa
1611 1349 1721 1427 periit.
1737 1348 1909 1428 Siquidem
1922 1350 1977 1414 ia·

713 1478 714 1482 ,
1112 1431 1208 1508 legiis
1232 1430 1383 1496 Ecclesiis
1397 1430 1517 1494 malias
1531 1447 1587 1493 eas
1601 1431 1842 1494 comitatorem.
1866 1429 1904 1493 Et
1921 1433 1978 1496 ho·

250 1517 295 1580 ile
310 1515 515 1580 schismaticis
531 1515 672 1582 nonnulii
684 1515 905 1580 catholicorum
916 1516 1067 1594 dubitent,
1112 1513 1178 1576 mil.
1195 1512 1246 1576 li.
1261 1511 1294 1574 in
1309 1512 1401 1592 epist.
1417 1513 1455 1575 ad
1472 1513 1624 1594 Ephesios
1640 1513 1740 1596 docet,
1758 1513 1978 1578 schismaticos

207 1617 246 1664 aa
262 1599 325 1664 sint
339 1601 377 1662 de
393 1599 543 1662 Ecclesia:
560 1598 654 1662 immo
670 1614 741 1663 essa
757 1616 811 1664 eos
823 1600 863 1663 de
877 1600 1015 1664 Ecclesia
1028 1601 1069 1662 al·
1113 1593 1231 1658 similes
1246 1611 1317 1658 essa
1333 1596 1436 1660 manui
1450 1613 1467 1658 a
1482 1611 1612 1678 corpore
1625 1599 1796 1675 praecisae,
1809 1612 1890 1676 quae
1906 1613 1980 1662 mox

208 1681 306 1746 firmet
320 1682 494 1762 Alphonsus
511 1683 550 1745 de
565 1679 669 1745 Castro
684 1681 752 1745 loco
768 1688 884 1746 notato.
901 1682 962 1746 Sed
973 1683 1068 1747 *facile
1113 1675 1221 1739 debuit
1235 1693 1306 1741 esse
1322 1679 1506 1741 membrum:
1523 1688 1554 1742 ei
1567 1679 1685 1742 ibidem
1700 1678 1785 1754 dicit,
1801 1680 1981 1744 schismati·

208 1772 257 1828 est
271 1765 457 1828 eontrarium
471 1780 508 1827 ex
522 1765 619 1828 sacris
634 1765 744 1838 literis,
761 1770 792 1827 et
802 1766 923 1828 Petrum
934 1766 1068 1830 iraditio·
1112 1775 1167 1822 008
1181 1759 1213 1822 iu
1229 1760 1322 1823 illem
1338 1777 1409 1824 issu
1424 1761 1573 1834 Ecclesia.
1590 1762 1663 1824 lilii
1677 1761 1709 1822 in
1726 1759 1788 1824 fidu
1803 1767 1833 1824 ei
1848 1762 1980 1843 dogma·

208 1864 250 1911 ne
265 1849 389 1910 docere.
405 1847 477 1909 Nam
493 1846 632 1926 inprimis
648 1863 717 1910 cum
733 1847 844 1911 dicitnr
857 1847 930 1911 Luc.
943 1849 975 1911 5.
988 1847 1070 1911 ιιιι·
1112 1842 1195 1906 ιιιιι
1210 1860 1279 1905 cum
1295 1860 1365 1906 vera
1380 1843 1490 1906 Christi
1506 1843 1644 1908 Ecclesia
1661 1843 1869 1920 consentiant.

209 1930 337 1996 debatur
351 1938 452 1992 autem
469 1938 544 2003 rete,
562 1946 618 2009 per
629 1928 811 1993 scissionem
823 1931 910 2003 retis,
923 1937 954 1994 ιι
965 1946 1071 2012 egres·
1154 1925 1360 2006 Hieronymus
1380 1929 1412 1989 in
1435 1943 1504 2005 cap.
1529 1928 1558 1990 i.
1581 1928 1674 1989 imos
1696 1925 1912 2001 Schismatici,
1929 1925 1981 1990 in·

209 2011 329 2076 sionem
342 2013 474 2092 piscium
486 2019 599 2076 carate
612 2011 1070 2093 intelligunturschismataEc·
1114 2008 1190 2088 quil,
1212 2015 1368 2088 liliatum
1388 2011 1521 2090 suillum
1540 2011 1708 2088 deiculum
1727 2010 1980 2074 multitudinem

209 2095 323 2159 etesiae
335 2099 366 2160 ci
377 2093 515 2174 egressio
528 2095 751 2158 haereticorum
761 2103 791 2159 et
802 2096 1070 2159 schismaticorum
1113 2089 1154 2152 ab
1168 2091 1314 2156 Ecclesia
1327 2091 1397 2169 Dci;
1412 2098 1522 2156 tamea
1536 2091 1595 2155 boc
1608 2107 1677 2156 aaa
1690 2091 1819 2170 samum
1834 2093 1980 2156 cmsdeli·

210 2178 249 2242 de
270 2175 421 2252 Ecclesia,
443 2182 478 2241 ul
497 2179 623 2258 exponit
642 2177 830 2260 Augustinus
843 2183 933 2242 tract.
951 2179 1021 2242 tte.
1038 2179 1070 2243 in
1113 2177 1188 2242 iate,
1205 2189 1273 2253 qua
1286 2174 1441 2238 lcaerctici
1454 2182 1511 2238 etc.
1527 2175 1564 2236 Ei
1579 2175 1610 2238 in
1626 2191 1694 2254 cap.
1710 2174 1740 2238 3.
1758 2176 1797 2237 ad
1813 2175 1870 2237 iit.
1886 2177 1982 2240 lates·

210 2259 373 2324 ioannem.
1114 2254 1286 2331 haeresim,
1308 2258 1417 2346 inquit,
1441 2265 1471 2320 et
1489 2257 1631 2321 schisma
1644 2258 1703 2320 boc
1717 2259 1872 2321 iuteresse
1887 2258 1982 2323 arbi·

251 2342 410 2407 Praeterea
426 2340 579 2421 Scriptura
594 2348 682 2406 accat
692 2341 874 2406 Ecclesiam:
891 2343 993 2408 Unum
1005 2344 1070 2407 oei·
1113 2344 1252 2414 iramar,
1265 2342 1354 2421 quod
1364 2340 1505 2405 haeresis
1514 2357 1703 2421 pomeretam
1713 2341 1833 2420 dogm
1844 2340 1981 2406 babeat:

212 2425 251 2500 ιι,
267 2424 356 2490 ιιιι.
371 2425 422 2487 lit.
437 2425 679 2504 ilaumcorpus,
694 2425 781 2488 Rom.
798 2426 846 2488 ι2.
861 2427 963 2490 baem
973 2443 1070 2506 spea-
1112 2421 1254 2486 ιιιιιιιιι
1276 2431 1407 2503 propter
1432 2424 1647 2503 episcopalem
1672 2423 1910 2487 desecamus
1936 2425 1983 2488 ab

209 2523 293 2585 eam,
315 2514 421 2572 utram
434 2505 587 2582 amicam,
603 2523 708 2571 amam
722 2509 916 2582 columbam,
933 2509 1020 2572 Cant.
1036 2510 1067 2573 6.
1112 2504 1258 2568 Ecclesia
1269 2508 1394 2585 pomer
1406 2512 1545 2586 separet.
1568 2506 1624 2569 ilbi
1642 2512 1713 2568 uota
1727 2505 1816 2569 illude
1833 2505 1980 2572 Pariter.

210 2589 351 2656 Schisma
365 2596 471 2652 autem·
480 2591 595 2652 scindit
608 2593 650 2666 id,
667 2591 751 2671 quod
766 2599 829 2654 erat
843 2607 941 2654 uniam
954 2593 985 2654 in
1000 2609 1069 2672 par·
1112 2587 1299 2665 Augustinus
1320 2589 1376 2652 lib.
1399 2590 1438 2652 de
1453 2588 1513 2652 ilde
1529 2596 1561 2652 et
1574 2589 1726 2670 symbolo,
1744 2605 1812 2666 cap.
1832 2587 1883 2652 tu.
1902 2589 1983 2654 Gre-

210 2677 271 2746 ies,
298 2679 331 2736 ιι
345 2677 428 2752 patet
442 2689 478 2734 er
495 2672 563 2753 ipso
577 2672 715 2736 nomine.
738 2673 832 2752 Nam,
857 2672 964 2757 σχιζειι
988 2677 1070 2737 scin·
1112 2670 1231 2739 dimus.
1248 2670 1357 2752 inquit,
1375 2679 1404 2736 ct
1416 2679 1565 2758 saaclam
1579 2673 1767 2742 Ecclesiam,
1790 2672 1906 2750 atique
1921 2689 1985 2738 ca·

209 2753 284 2820 dere
308 2762 366 2829 est,
396 2761 429 2818 el
453 2751 562 2836 σχισμή
584 2757 745 2818 scissura:
775 2772 849 2836 ergo
878 2756 1084 2821 schismatici*
1112 2753 1279 2817 tbolicom:
1300 2771 1381 2818 acm
1402 2760 1432 2817 et
1452 2755 1616 2829 baeretici,
1641 2759 1671 2818 et
1685 2754 1883 2818 schismatici
1898 2771 1984 2820 corc-

210 2850 275 2901 non
300 2842 373 2900 suni
386 2838 419 2900 in
434 2836 585 2914 Ecclesia,
601 2853 660 2902 nec
675 2839 713 2901 de
728 2838 878 2903 Ecclesia.
894 2839 968 2902 liam
984 2856 1066 2919 pars,
1110 2837 1314 2916 murationes
1335 2854 1413 2902 suae
1428 2839 1588 2901 Ecclesiae
1601 2844 1732 2900 caecat:
1746 2837 1804 2900 scd
1819 2837 1984 2902 baeretici

210 2920 308 2984 scissa
324 2938 341 2983 ι
356 2936 496 2999 corpore,
514 2937 575 2982 non
592 2927 639 2984 est
652 2922 785 3000 amplius
796 2937 868 3000 pars
880 2921 949 3003 ejus
960 2938 1068 3002 corpa-
1112 2919 1153 2981 dc
1166 2918 1229 2982 uec
1241 2919 1505 2997 salsasmtieado
1516 2923 1624 2999 ipsam
1633 2919 1732 3000 Mem
1739 2920 1879 2993 ιιιιιιι,
1892 2921 1983 2985 sebi·

208 3003 264 3066 ris.
280 3001 366 3066 Unde
380 3002 509 3083 pulchre
520 3001 689 3082 Cyprianus
701 3003 756 3065 lib.
769 3004 808 3066 de
820 3005 897 3068 unit.
910 3005 1070 3068 Ecclesiae
1110 3003 1240 3066 ematici
1260 3009 1369 3066 amem
1389 3002 1633 3067 discissionibus
1647 3003 1772 3084 iaigtiis
1788 3003 1983 3080 abolerem

210 3085 295 3160 dicit,
319 3083 489 3150 Ecclesiam
512 3084 678 3164 signiticari
691 3103 750 3164 per
764 3093 880 3150 restem
896 3086 1007 3150 Christi
1021 3087 1069 3148 in·
1114 3085 1272 3148 alacritate
1292 3087 1469 3159 dissiliunt,
1486 3086 1635 3166 gaumeis
1657 3101 1697 3148 ca
1718 3087 1864 3158 credant,
1890 3103 1982 3166 qaae

210 3167 407 3245 consutilem,
423 3183 503 3245 quae
517 3167 615 3231 scisse
628 3185 689 3231 nou
703 3169 768 3241 luit,
782 3178 814 3232 ut
825 3169 1069 3251 intelligeremus
1113 3169 1285 3231 credimus.
1305 3167 1505 3248 Quapropter
1518 3185 1577 3233 aec
1589 3168 1771 3232 haereticus
1779 3169 1922 3246 pertinet
1934 3171 1984 3234 ati

209 3246 380 3312 Ecclesiam
405 3249 504 3314 scindi
530 3265 635 3329 posse,
662 3252 717 3315 sed
739 3267 802 3315 non
827 3269 864 3316 ιι
886 3253 990 3326 modo,
1006 3268 1069 3330 auo
1112 3251 1291 3314 Ecclesiam
1315 3253 1516 3325 catholicam,
1544 3252 1704 3332 quoniam
1728 3251 1836 3330 diligit
1859 3250 1982 3332 Deam,

209 3329 392 3398 scinduntur
413 3339 526 3408 vestes,
549 3332 591 3394 ite
605 3339 638 3395 ιι
652 3349 760 3397 ornnes
775 3342 877 3413 partes
892 3351 1069 3415 aequema·
1112 3349 1172 3396 acc
1185 3335 1417 3408 schismaticas,
1435 3335 1593 3416 quoniam
1607 3335 1714 3412 diligit
1729 3333 1937 3412 proximam.

201 3421 302 3477 aeaut
316 3420 418 3494 parias
432 3415 538 3477 restis:
555 3415 612 3478 sed
627 3413 781 3496 quomodo
797 3419 947 3480 scinditur
965 3433 1069 3480 ramus
1155 3415 1282 3496 Optatus
1294 3418 1348 3481 lib.
1363 3418 1504 3481 iconia
1518 3417 1762 3489 parmenianum,
1773 3417 1813 3479 de
1824 3417 1981 3480 schisma·

211 3496 250 3560 ab
276 3498 397 3570 arbore,
421 3498 474 3578 qui
497 3498 596 3560 statim
613 3501 750 3574 moritur,
767 3501 876 3563 arbore
891 3501 1022 3577 virente;
1039 3505 1070 3563 ei
1114 3497 1184 3562 licis
1207 3499 1349 3574 loquens:
1372 3500 1519 3572 Deserta,
1542 3501 1651 3578 inquit,
1674 3505 1779 3563 matre
1801 3499 1977 3577 catlcoiiac,

209 3578 292 3643 risus
307 3597 323 3642 a
339 3581 435 3655 iente,
452 3580 503 3659 qui
519 3597 590 3642 mox
605 3582 727 3658 erescit,
743 3581 825 3646 lonle
839 3583 968 3661 liuente3
983 3587 1013 3647 et
1023 3599 1070 3646 rn-
1111 3583 1208 3659 impii
1220 3580 1282 3659 iiiii
1295 3584 1376 3646 dam
1387 3585 1477 3662 foras
1492 3587 1683 3657 occurrant,
1709 3588 1739 3644 et
1754 3597 1789 3644 se
1802 3587 1978 3662 separata,

209 3661 280 3725 dius
294 3680 311 3726 a
326 3663 405 3739 sole,
421 3663 474 3743 qui
490 3665 634 3726 continuo
648 3663 764 3737 delicit,
787 3666 865 3740 sole,
878 3671 912 3728 ut
924 3671 988 3729 arai
1000 3680 1071 3743 per·
1113 3672 1149 3726 at
1162 3680 1216 3728 coc
1226 3667 1355 3743 lecistis,
1369 3683 1391 3728 a
1401 3667 1513 3729 radice
1524 3666 1638 3728 matris
1650 3665 1814 3727 Ecclesiae
1826 3666 1980 3728 inuidiae

208 3750 365 3808 manente.
382 3745 433 3808 ici
449 3745 476 3808 si
492 3746 672 3820 contendas,
688 3747 1069 3826 partemsoissemabEa
1111 3747 1248 3824 falcibus
1270 3749 1444 3828 amputati,
1467 3749 1608 3824 emendo
1629 3747 1762 3812 rebelles
1783 3747 1979 3813 abscedtml.

209 3826 314 3904 alesia,
332 3837 402 3894 csse
417 3829 509 3891 etiam
524 3828 693 3892 Ecclesiam
709 3832 874 3909 quandam,
891 3833 1001 3894 multas
1013 3831 1069 3895 ιιι·
1113 3832 1151 3894 Ει
1165 3831 1219 3893 lib.
1236 3829 1267 3892 2.
1284 3837 1440 3911 comparat
1455 3831 1669 3894 schismaticos
1685 3845 1756 3892 cum
1771 3830 1877 3902 ramis,
1895 3831 1980 3893 rivu-

210 3909 322 3974 clesies
333 3910 438 3988 iacies,
452 3910 535 3992 quod
547 3917 595 3974 est
608 3919 715 3976 conus
728 3915 900 3995 Scripturas
912 3917 1004 3994 paulo
1016 3930 1069 3978 ιι·
1113 3914 1164 3990 ιιι,
1181 3919 1212 3976 ιι
1225 3913 1318 3976 radiis
1335 3913 1485 3991 praecisis
1501 3913 1539 3974 ab
1553 3913 1674 3996 arbore.
1692 3913 1787 3982 lente,
1805 3912 1886 3975 sole.
1906 3912 1983 3975 Eui-

210 3997 239 4056 ιι
253 3999 383 4056 nemius.
1114 3999 1237 4076 genitus
1251 3996 1291 4058 de
1305 3996 1367 4059 tide
1381 3997 1417 4058 ad
1434 3997 1566 4069 Petrum,
1584 4013 1652 4075 cap.
1666 3995 1718 4059 38.
1731 4002 1762 4057 ιι
1776 3993 1829 4058 39.
1844 3994 1982 4059 Eirncis·

248 4075 396 4140 Probatur
411 4075 551 4140 secundo
565 4091 604 4140 ex
617 4075 750 4140 decretis
766 4075 877 4158 Pelagii
894 4078 1070 4158 papaeque
1112 4081 1193 4142 sime
1214 4085 1296 4153 tuac,
1313 4081 1423 4158 inquii,
1438 4085 1467 4141 ct
1481 4079 1672 4141 audolecus
1690 4077 1830 4146 dubites.
1846 4093 1915 4142 aaa
1929 4094 1983 4142 so·

210 4173 248 4224 ex
268 4159 408 4235 proleseo
429 4159 540 4238 probat
564 4159 778 4224 schismaticos
793 4177 856 4224 non
871 4176 942 4223 esse
957 4161 997 4224 de
1011 4159 1068 4226 Ec·
1115 4161 1183 4224 lam
1202 4178 1351 4240 papaam
1369 4207 1377 4238 ‚
1398 4163 1457 4225 sed
1471 4161 1731 4236 etiamiadaeos,
1751 4162 1929 4224 homericos
1947 4165 1979 4225 ιι

209 4241 318 4314 ιιιιιι,
340 4240 394 4304 ii.
417 4259 449 4322 q.
472 4243 502 4304 l.
525 4258 594 4304 aaa.
610 4241 767 4318 Pudsnda,
784 4249 816 4305 et
830 4259 899 4306 cau.
916 4243 1067 4307 Schisma.
1113 4245 1353 4330 scismaticos.
1377 4245 1436 4325 qai
1456 4250 1551 4307 caira
1570 4243 1750 4308 Ecclesiam
1770 4244 1980 4320 catholicam,

209 4323 336 4387 secedit
361 4325 452 4387 etiarn
474 4324 682 4387 testimonium
697 4325 789 4388 totius
803 4326 973 4398 Ecclesiae,
990 4341 1069 4404 quae
1113 4332 1318 4408 pracseatcm
1337 4325 1459 4406 flaiani
1479 4328 1591 4400 citam,
1614 4327 1653 4392 ia
1673 4328 1783 4406 ignem
1806 4332 1980 4390 aeternam

209 4404 241 4472 in
262 4403 428 4470 Parascere
450 4412 515 4468 orat
536 4423 590 4484 pro
613 4408 777 4472 haereticis
793 4415 824 4470 ei
838 4408 1041 4473 schismaticis
1059 4456 1068 4485 ,
1113 4413 1228 4474 ituros.
1244 4411 1384 4487 bedinus
1399 4411 1481 4474 idem
1496 4410 1611 4472 habeat
1623 4409 1733 4472 Tomas
1746 4409 1919 4472 Wuldensis
1935 4416 1980 4472 to.

209 4493 243 4550 ιι
263 4502 318 4550 ιιι
332 4488 414 4550 Ιιιιι
429 4488 466 4550 ad
481 4488 652 4552 Ecclesiam
668 4492 850 4555 catholicam
865 4507 1008 4554 revocare
1024 4492 1069 4556 di·
1118 4495 1147 4556 i.
1165 4492 1220 4555 lib.
1237 4493 1268 4556 ι.
1286 4511 1314 4556 c.
1331 4493 1362 4554 u.
1379 4492 1558 4556 doctrinalis
1573 4491 1644 4553 fidei
1662 4491 1819 4572 antiquae,
1842 4491 1981 4556 loannes

210 4576 332 4650 gneius.
348 4569 435 4647 Quod
450 4579 533 4632 certe
556 4586 617 4634 uon
634 4571 755 4648 laceret,
773 4575 799 4638 si
815 4589 870 4636 eos
885 4575 917 4637 in
934 4573 1071 4638 Ecclesia
1115 4575 1231 4638 Driedo
1250 4576 1305 4638 lib.
1328 4575 1359 4638 i.
1383 4573 1602 4652 descriptoris
1619 4578 1650 4636 ei
1664 4575 1860 4654 dogmatibus
1876 4575 1983 4638 eccle·

210 4668 281 4718 esse
296 4655 446 4716 crederet.
462 4651 529 4716 Huc
544 4653 634 4716 etiarn
650 4656 1005 4734 pertinetiestimouium
1022 4675 1070 4720 ca·
1103 4657 1262 4731 eiusfinis,
1279 4675 1347 4738 cap.
1363 4657 1394 4719 2.
1410 4664 1488 4738 part.
1505 4657 1536 4718 2.
1553 4657 1648 4719 etalii
1665 4673 1702 4720 ex
1718 4655 1959 4720 recentioribus.

210 4734 353 4800 lechismi
378 4736 506 4804 romani.
534 4735 625 4816 cujus
640 4753 701 4800 non
717 4745 765 4801 est
780 4739 888 4820 exigua
902 4741 1069 4803 auctoritas
1150 4741 1298 4804 Probatur
1310 4740 1553 4816 ultimoraiione3
1565 4739 1808 4802 nsanderatione
1818 4739 1980 4806 Ecclesiae

208 4818 240 4881 in
255 4817 395 4882 Ecclesia
412 4818 478 4880 ilai.
494 4817 623 4881 ilis'ertis
634 4825 736 4882 autern
748 4821 849 4884 verbis
862 4822 1069 4886 catechismus
1110 4829 1169 4899 est,
1185 4830 1218 4884 ui
1232 4822 1273 4885 sit
1284 4841 1344 4888 una
1356 4823 1471 4886 unione
1483 4822 1693 4886 membrorum
1706 4824 1786 4885 inter
1798 4837 1845 4895 se,
1860 4828 1891 4885 ιι
1905 4838 1978 4885 oum

210 4901 383 4979 praedictus
399 4901 431 4962 in
443 4901 645 4978 explicatione
658 4903 789 4982 symboli
800 4905 971 4984 apostolici,
986 4905 1067 4968 schi-
1113 4923 1170 4968 suo
1182 4905 1383 4984 capite3hanc
1394 4904 1876 4969 autemunionemsctusmaucus
1887 4905 1980 4984 tollit,

210 4982 354 5046 smaticos
369 4983 407 5046 ab
423 4983 559 5046 Ecclesia
575 4989 709 5063 separat.
1112 4988 1183 5051 dum
1197 4993 1260 5050 se'a
1272 4989 1488 5052 communione
1501 4988 1622 5068 capitis,
1637 4993 1668 5050 et
1679 4987 1807 5050 aliorum
1822 4987 1981 5050 membro·

249 5063 396 5129 Probatur
416 5067 506 5129 terlio
527 5080 567 5128 ex
588 5067 737 5133 Patribus.
753 5067 899 5132 irenaeus
914 5069 971 5134 lib.
987 5069 1018 5133 i.
1035 5086 1064 5134 c.
1110 5071 1407 5148 runsaparstemd
1415 5071 1626 5134 autemunitas
1634 5069 1810 5134 essentialis
1818 5069 1982 5134 Ecclesiae

211 5145 262 5210 de.
278 5153 478 5234 posteaquam
492 5148 610 5212 dixerat
621 5150 653 5213 in
671 5152 883 5232 superioribus
898 5153 1062 5232 capitibus,
1111 5153 1260 5216 consistat
1274 5153 1365 5218 inilia
1377 5152 1598 5233 conjunctione
1610 5153 1818 5216 memhromm
1832 5152 1914 5216 inter
1926 5169 1981 5230 se,

209 5231 306 5293 sirum
335 5231 525 5309 spiritualem
549 5231 689 5313 judicare
711 5249 819 5297 omnes
840 5233 1012 5298 haereticos
1034 5241 1066 5299 ιι
1111 5242 1141 5298 ιι
1152 5251 1222 5298 cum
1238 5236 1358 5317 capite,
1373 5235 1529 5316 probatur:
1546 5235 1618 5299 liam
1634 5236 1795 5315 multiplex
1810 5235 1911 5298 unitas
1932 5237 1981 5298 in·

209 5311 434 5388 schismaticos,
457 5320 489 5377 et
503 5323 736 5379 enumeraverat
751 5317 781 5378 iu
797 5316 972 5396 particulari
987 5318 1066 5381 mui-
1110 5320 1231 5383 aeuitur
1245 5319 1277 5381 in
1293 5319 1443 5382 Ecclesia.
1460 5319 1557 5381 Prima
1583 5326 1630 5380 est
1644 5321 1746 5381 untias
1763 5317 1881 5382 ratione
1897 5316 1982 5397 eius·

208 5403 254 5458 ias
269 5396 428 5469 haereses,
444 5401 477 5457 el
490 5396 690 5479 subjunxerat
704 5400 743 5462 de
758 5400 925 5463 schismate
941 5402 1065 5480 proprie
1113 5401 1183 5464 dem
1199 5400 1354 5481 principii,
1372 5403 1463 5478 idest,
1479 5401 1535 5465 ilci
1551 5400 1708 5477 recentis,
1735 5401 1824 5465 ioan.
1840 5400 1871 5463 b.
1887 5401 1982 5465 licam

209 5479 302 5551 dieto,
318 5478 474 5540 concludit
489 5479 520 5540 in
535 5495 667 5542 somma:
683 5481 873 5557 iudicabit,
895 5481 1008 5565 inquit,
1032 5499 1066 5546 o·
1112 5485 1200 5548 oeait
1212 5485 1257 5547 ad
1269 5499 1320 5546 mc
1332 5489 1390 5547 etc.
1407 5483 1548 5548 Secunda
1562 5483 1664 5546 unitas
1691 5484 1809 5548 ratione
1837 5482 1983 5565 ejusdem

209 5560 540 5640 mammaemammal
562 5569 658 5626 satra
667 5561 845 5638 vamtatem,
859 5566 952 5642 idest,
970 5569 1066 5630 eastra
1111 5568 1210 5630 ultimi
1227 5567 1307 5640 linis,
1325 5567 1407 5647 qnod
1423 5565 1629 5647 significatum
1642 5571 1689 5628 est
1703 5563 1863 5632 matthee.
1880 5569 1911 5628 in
1927 5567 1981 5630 illo

208 5643 396 5710 Ecclesiam.
418 5641 451 5708 S.
475 5642 644 5726 Cyprianus
664 5646 721 5711 lib.
737 5646 768 5712 i.
785 5651 877 5728 epist.
893 5649 925 5713 9.
941 5649 982 5714 ad
995 5648 1067 5715 Eio-
1112 5667 1173 5716 ιιι
1196 5648 1321 5714 denario
1347 5650 1491 5716 omnibus
1507 5648 1706 5730 operantibus
1726 5650 1891 5732 promisso.
1908 5649 1980 5716 ier·
