4098 6294
816 286 911 344 tlttbtt
931 285 1103 346 SilcthUS
1741 291 1789 348 obt
1846 341 1847 348 ,

94 421 136 486 ιιι·
149 433 215 492 aare
226 418 416 498 retropredi,
431 431 494 482 non
509 419 601 484 dehet
614 421 711 500 aeeipi
724 420 950 496 mathematiae,
1037 419 1176 498 bonique
1191 435 1219 484 s.
1235 419 1404 501 Cyprianus
1417 421 1461 484 ait
1476 417 1572 482 lib.de
1586 421 1862 499 nortanhumbria
1947 481 1951 494 ,

8 531 13 538 ·
92 505 154 568 sed
171 500 335 578 moraliter3
352 516 413 564 non
428 501 510 565 enim
525 503 588 566 ruit
602 502 704 566 dicere
720 503 750 566 in
766 502 905 579 quolibet
919 519 951 565 o·
997 517 1068 566 oon
1082 503 1188 565 triario
1198 519 1309 567 eorere
1320 505 1498 585 optettqnie
1508 519 1576 567 non
1587 505 1632 567 orl
1644 501 1804 569 laetitiam
1814 523 1865 570 ue·

6 1047 12 1092 Ι

6 1131 9 1170 Ι

6 1193 24 1238 ,θ

89 601 173 664 pere
188 600 244 646 nos
258 583 370 647 mereri
392 591 591 664 augmentum
615 588 728 664 gratioe
749 592 800 648 aut
822 587 952 662 perdere
999 587 1071 648 aire
1085 585 1231 662 festinet?
1245 584 1282 648 Et
1294 585 1328 648 b.
1344 587 1535 667 Augustinus
1550 586 1604 648 lib.
1622 586 1671 648 lb.
1688 585 1863 650 contessio-

89 667 212 746 aliquid
227 663 342 744 gratiae
356 713 365 738 ‚
380 667 436 730 aed
452 669 573 746 eosqui
593 684 654 730 non
670 669 743 730 dent
757 683 880 749 operam
891 704 904 740 -,
920 673 954 729 ut
999 684 1073 728 num
1089 684 1118 728 o.
1135 667 1186 729 28.
1203 668 1241 731 de
1254 667 1364 747 poenis
1379 669 1676 750 loquens-:Tutanum
1688 685 1743 732 eae
1752 669 1859 750 juber,
1898 708 1902 717 ·

89 747 267 830 proliciunt,
284 747 375 812 teeile
389 749 506 831 impelli
521 765 614 830 posse
629 769 645 813 u
660 751 829 826 diabolo‚et
841 751 955 812 mundo
999 753 1512 833 nonamoremamooetamquuo
1523 753 1862 834 toterotomotqunm·

89 834 334 896 udoesumete.
919 873 923 876 -
976 834 1048 895 ab
1064 832 1203 896 tolerare
1218 837 1318 895 emat.

134 915 178 978 hu
194 913 367 979 seeundum
382 912 503 976 dieozin
519 913 628 994 primis
643 915 769 978 Paulum
785 915 822 977 ed
839 914 957 977 literam
1041 915 1082 978 dd
1098 916 1231 992 primum
1255 931 1349 995 ergo,
1366 931 1428 994 quo
1447 916 1594 996 probetur
1615 917 1861 996 consequentia,

90 997 184 1077 loqui
198 997 238 1060 de
252 995 362 1060 uirtute
377 995 526 1074 liei‚qure
541 997 654 1064 dieitur
669 998 774 1074 perflui
787 997 818 1060 in
833 996 958 1060 intlrmi·
1000 996 1162 1060 dieotiere
1177 1000 1288 1060 umenti
1304 1013 1366 1060 non
1380 1000 1426 1060 siu
1441 998 1621 1062 duloesoere
1635 1007 1798 1077 poemeni
1810 1017 1864 1064 eus

93 1086 160 1143 tete
174 1127 183 1152 ‚
199 1079 271 1158 quia
292 1086 365 1142 luno
389 1079 486 1158 magis
511 1087 639 1159 apparet
652 1080 707 1144 liei
723 1080 857 1160 potentia
872 1126 881 1154 ‚
897 1095 959 1152 quo
1003 1095 1064 1142 non
1080 1080 1201 1154 sentiat,
1218 1080 1274 1144 sed
1289 1081 1345 1156 sio,
1362 1087 1396 1142 ut
1409 1080 1480 1144 lieet
1494 1097 1623 1150 amaras.
1638 1082 1747 1143 toleret
1760 1089 1863 1146 tamen

93 1163 189 1242 plura
204 1161 233 1225 ei
247 1161 407 1240 resistunt3
421 1157 551 1225 habetur
561 1164 644 1226 enirn
659 1163 689 1226 in
706 1160 959 1242 generabimur:
1003 1162 1143 1224 alaeritar
1157 1170 1281 1242 propter
1295 1170 1425 1225 amatum
1441 1207 1449 1236 ,
1465 1170 1498 1225 ut
1512 1170 1594 1241 patet
1617 1169 1678 1226 turn
1695 1163 1860 1238 erudiatis,

94 1263 179 1326 μοι,
197 1243 300 1316 idest,
316 1245 412 1311 virtus
427 1261 506 1308 mea.
522 1246 596 1310 iiieo
617 1252 775 1326 praeterea
792 1292 800 1320 ,
817 1242 960 1307 rhiutem
1004 1249 1068 1306 tum
1081 1259 1118 1307 ex
1134 1247 1235 1309 uerbis
1256 1264 1283 1310 s.
1298 1245 1433 1308 Eleazari
1458 1246 1489 1308 2.
1506 1247 1643 1310 llnohab.
1658 1247 1699 1308 o:
1717 1247 1764 1308 ιιι
1777 1248 1862 1323 eois,

6 1383 8 1422 r
95 1330 193 1392 etiam
208 1323 344 1390 nostram
358 1326 466 1406 partini
479 1327 512 1391 in
526 1328 845 1404 tribulationibus‚sed
858 1327 889 1389 io
902 1329 960 1390 hae
1003 1327 1122 1405 inquit,
1138 1327 1294 1403 Domine,
1312 1330 1393 1410 quio
1407 1344 1483 1391 enm
1496 1346 1519 1391 a
1531 1335 1632 1392 morte
1646 1343 1773 1408 possent
1787 1331 1863 1394 libe·

6 1463 8 1506 Ι

6 1633 8 1674 Ι

6 1799 9 1840 Ι

6 1883 8 1922 Ι

6 1965 8 2006 Ι

6 2049 9 2090 Ι

95 1413 160 1474 uite
175 1416 292 1472 tautum
307 1409 407 1490 quoad
422 1427 527 1474 rerum
542 1417 740 1494 augmentum
755 1409 961 1488 uirtutis.quiu
1002 1412 1086 1484 rori,
1108 1411 1207 1474 beros
1222 1413 1366 1492 eorporis
1380 1414 1523 1476 aautioeo
1535 1411 1672 1488 laborem
1683 1415 1865 1476 seeundum

6 1555 7 1558 ,
97 1493 133 1556 in
150 1492 280 1558 haurite
294 1499 410 1556 mnium
425 1498 473 1556 est
487 1495 573 1558 loeus
589 1493 725 1558 merendi
742 1511 752 1574 3
768 1500 797 1558 al
814 1494 845 1555 in
860 1494 959 1556 lutura
1004 1494 1155 1556 onhnum
1177 1510 1253 1557 uero
1275 1499 1410 1574 propter
1433 1497 1581 1559 timorem
1607 1500 1700 1558 inum
1729 1493 1866 1558 libenter

6 1575 7 1588 ¹
97 1576 165 1638 diei
177 1589 272 1654 posse
298 1575 403 1654 perflet
419 1575 452 1638 in
469 1576 664 1658 purgatorio,
682 1593 742 1640 non
766 1578 846 1654 quod
863 1578 889 1638 ei
908 1575 961 1637 ali·
1005 1577 1084 1639 haee
1096 1578 1217 1655 potior.
1233 1578 1269 1638 lit
1284 1577 1334 1640 hio
1349 1577 1407 1641 luit
1421 1578 1593 1640 eommunis
1608 1577 1739 1642 allectus
1756 1585 1866 1658 marty·

6 1717 7 1754 ἶ
99 1657 179 1737 quid
194 1658 343 1732 addatur,
361 1659 417 1722 sed
433 1661 514 1740 quod
529 1661 684 1725 auteratur
697 1660 807 1740 rubigo
822 1664 964 1738 peooato·
1005 1674 1094 1733 rum,
1111 1660 1163 1740 qui
1179 1675 1282 1722 revera
1298 1661 1473 1724 sentiebant
1487 1659 1705 1724 acerbissimos
1721 1660 1866 1732 dolores.

97 1741 170 1804 r'um
184 1759 194 1816 ς
209 1743 364 1820 quomodo
379 1759 485 1806 eurum
507 1743 542 1805 io
553 1745 678 1808 iorneee
692 1742 726 1804 ot
739 1743 884 1812 lueidius,
901 1757 962 1803 nun
1006 1748 1038 1804 et
1052 1748 1152 1804 tamen
1179 1743 1311 1806 libenter
1331 1758 1386 1805 eos
1412 1743 1551 1806 terebant
1565 1791 1573 1815 ‚
1595 1743 1668 1804 lieet
1683 1743 1867 1824 quibusdam

102 1823 176 1904 quia
191 1823 235 1884 ΙιιΙ
252 1823 367 1903 aliquid
382 1825 574 1901 additur,sed
590 1826 660 1908 quie
673 1831 858 1906 separatura
871 1831 962 1899 terra,
1007 1825 1091 1887 Deus
1106 1824 1265 1904 priuilegio
1280 1825 1411 1906 quodem
1427 1842 1554 1889 sensum
1576 1826 1692 1888 doloris
1707 1824 1868 1888 abstulerit

103 1913 137 1970 et
152 1906 291 1986 plumbo,
308 1911 339 1970 et
357 1906 523 1972 similibus.
1006 1923 1063 1986 per
1076 1905 1260 1969 affluentiam
1285 1908 1526 1982 consolationis,
1549 1905 1583 1970 ut
1607 1909 1715 1972 serihit
1728 1907 1866 1972 Rufflnus

141 1988 187 2051 Ad
204 1989 325 2052 tertium
342 1989 434 2054 dieoz
451 1989 662 2054 Falsissimum
679 2005 750 2054 esse
762 1990 837 2052 illud
852 1989 964 2068 prinei·
1007 1990 1063 2054 lib.
1082 1989 1131 2051 to.
1149 1989 1223 2053 hisi.
1240 2007 1307 2070 oep.
1325 1989 1375 2053 bb.
1392 1993 1432 2052 de
1446 1991 1621 2055 Theodoro.

6 2133 8 2156 f
101 2071 189 2148 pium
214 2070 339 2134 botheri
355 2073 386 2135 in
401 2073 494 2141 rebus
509 2073 783 2155 permanentibus,
800 2072 965 2150 solumque
1048 2071 1090 2134 hd
1106 2073 1277 2135 seeundum
1291 2073 1382 2136 dieo:
1399 2075 1458 2137 lies
1473 2091 1532 2136 non
1549 2088 1709 2152 quaerere,
1723 2089 1801 2151 quae
1812 2091 1868 2137 soa
1905 2096 1908 2110 ·

6 2163 8 2174 ’
101 2155 220 2217 hahere
246 2156 347 2217 lorum
364 2155 395 2218 in
421 2159 608 2221 sueeessiris
622 2204 630 2227 ,
645 2155 760 2235 alioqui
782 2171 833 2218 res
848 2171 966 2234 penne·
1009 2161 1091 2229 sunt,
1110 2156 1164 2217 sed
1181 2156 1329 2220 honorem
1345 2156 1413 2231 Dei;
1426 2158 1553 2235 eupiunt
1565 2157 1646 2216 enirn
1660 2155 1719 2217 ello
1732 2157 1866 2231 liberari,

6 2301 7 2310 g
105 2243 218 2300 nentes
234 2254 399 2315 numquam
414 2247 520 2302 essent
534 2241 674 2313 eaedem,
686 2239 774 2302 etsie
786 2238 870 2300 Deus
883 2251 967 2300 nune
1009 2245 1042 2301 ut
1056 2238 1176 2315 possint
1190 2239 1299 2318 magis,
1318 2245 1350 2302 et
1364 2240 1476 2302 meiius
1491 2239 1587 2302 boum
1603 2239 1738 2300 laudere.

6 2329 7 2338 ¹
104 2335 170 2382 non
186 2319 310 2399 puniret
322 2319 354 2383 in
370 2321 492 2385 interno
512 2321 622 2387 ludam
635 2323 722 2386 iilum
737 2321 791 2401 qui
807 2319 963 2400 praeerit,
1037 2321 1091 2382 'hd
1106 2321 1226 2384 tertium
1242 2322 1312 2386 dieo
1326 2317 1404 2402 :lies
1418 2337 1519 2384 amore
1535 2322 1630 2384 lleurn
1642 2333 1745 2384 amore
1760 2322 1865 2384 emiol-

104 2402 162 2464 sed
178 2402 270 2465 olium
296 2419 388 2484 quem
404 2409 510 2480 postea
536 2405 668 2482 erearit3
682 2419 740 2466 neo
754 2407 965 2467 remuneraret
1011 2405 1081 2478 liae,
1098 2402 1167 2481 quie
1182 2403 1298 2467 bouum
1313 2421 1404 2469 suum
1419 2406 1556 2468 referunt
1573 2406 1603 2465 in
1618 2403 1727 2466 ileum.
1799 2407 1801 2412 '

104 2483 297 2564 Petrumqui
313 2486 493 2560 meruit‚sed
507 2487 602 2552 alium
616 2487 768 2568 quendam
783 2492 888 2563 postea
902 2500 966 2546 ore·
1051 2486 1091 2548 ld
1108 2492 1248 2565 quartum
1274 2487 1343 2552 dieo
1357 2505 1373 2547 :·
1383 2486 1442 2550 ibas
1457 2489 1599 2566 abripere
1620 2501 1741 2549 orireem
1757 2501 1866 2556 suam,

104 2573 204 2630 alum.
231 2567 318 2642 Quod
343 2573 444 2632 autem
465 2568 596 2645 dieitur,
617 2568 880 2633 oenserruttunern
896 2583 967 2630 essa
1013 2571 1086 2650 quia
1099 2569 1233 2635 libenter
1258 2573 1433 2646 patiuntur,
1449 2586 1509 2634 neo
1523 2575 1631 2646 petunt
1645 2568 1766 2631 liberari
1781 2615 1789 2640 ‚
1807 2569 1867 2631 nisi

106 2653 285 2713 continuem
301 2651 499 2726 creationem,
516 2658 699 2727 astrorum,
716 2652 771 2714 sed
786 2649 968 2730 intelligitur
1010 2653 1180 2715 seeundum
1196 2651 1251 2714 liei
1266 2653 1498 2718 noluntatemet
1513 2668 1568 2730 per
1578 2651 1773 2730 media,quee
1785 2651 1867 2714 Deus

104 2732 207 2795 creari
221 2731 297 2797 illud
310 2733 470 2806 idem,non
485 2737 589 2816 augeri
603 2736 651 2798 rel
666 2735 732 2798 lieri
745 2733 829 2798 aliud
841 2748 966 2796 norum.
1011 2735 1154 2809 instituit,
1170 2739 1200 2796 et
1214 2739 1298 2798 uerte
1328 2734 1356 2796 si
1371 2741 1477 2798 essent
1489 2751 1560 2798 rere
1575 2749 1654 2813 quae
1669 2734 1742 2796 dieii
1755 2732 1868 2798 buthe·

150 2815 195 2878 hd
209 2821 349 2894 quartum
363 2816 427 2897 jem
449 2822 497 2880 est
510 2833 708 2896 responsum.
1010 2816 1293 2893 rus,idast‚eoimae
1309 2816 1379 2880 illae
1390 2819 1416 2880 si
1429 2825 1614 2898 quaererent
1625 2831 1703 2895 quae
1714 2832 1770 2878 suu
1783 2822 1866 2890 suot,

149 2897 326 2962 Secundum
338 2907 550 2978 argumentum
565 2900 834 2976 huthernhnhnae
851 2899 880 2960 in
897 2911 968 2975 pur·
1011 2908 1042 2963 et
1055 2905 1191 2962 amarent
1205 2900 1303 2962 Deum
1318 2917 1420 2963 amore
1435 2899 1719 2978 eonoupiseenttae
1733 2913 1791 2960 neo
1805 2900 1867 2960 rel·

106 2980 224 3059 getorio
238 2981 385 3044 uonlinuo
399 2991 619 3063 peeoent3ergo
631 2984 743 3045 suntin
757 2988 835 3046 statu
846 2995 968 3042 meren·
1011 2985 1076 3046 lent
1089 2983 1231 3062 aenipere
1247 2998 1381 3052 munem,
1393 2999 1452 3045 non
1467 2983 1529 3064 jam
1542 2981 1752 3061 irnperiootam
1768 2982 1877 3060 eberh

6 3063 7 3074 ’
103 3063 138 3124 di
154 3070 184 3126 et
197 3063 388 3126 demerendi.
412 3065 523 3128 Probat
537 3066 737 3128 anteuedens:
756 3064 883 3128 Animae
898 3062 969 3124 illae
1011 3072 1116 3138 tatem,
1133 3065 1188 3127 sed
1206 3065 1319 3128 nullam
1336 3065 1496 3141 haberent,
1512 3072 1544 3128 et
1558 3081 1619 3127 non
1636 3067 1665 3126 io
1679 3064 1867 3144 purgatorio,

102 3143 234 3208 horrent
248 3161 417 3225 poenaeue
431 3147 596 3226 refugiunt,
608 3157 638 3210 et
651 3147 790 3225 requiem
806 3149 967 3226 quaerunt,
1012 3148 1068 3212 sed
1085 3148 1116 3208 in
1131 3147 1251 3209 intorno
1266 3154 1385 3211 assent.

6 3305 7 3308 Ἴ
103 3245 179 3308 ergo
195 3235 335 3306 pereant.
351 3231 547 3294 boteeedens
561 3231 754 3310 probarum
769 3229 839 3307 quia
855 3226 969 3306 alioqui
1052 3229 1269 3310 Argumentum
1295 3231 1440 3306 tertium,
1470 3229 1661 3310 quorundam
1700 3228 1868 3289 eotheiioo·

100 3325 167 3372 non
184 3312 383 3390 punirentur,
401 3328 498 3390 poena
515 3314 596 3376 eninr
611 3312 813 3394 involuntaria
830 3325 901 3375 esse
916 3310 968 3372 do·
1013 3330 1092 3376 nrm.
1109 3313 1235 3374 Animae
1260 3314 1424 3392 purgatorii
1441 3314 1556 3375 harbent
1576 3312 1676 3374 omnia
1692 3311 1868 3374 necessaria

101 3392 169 3462 bet.
186 3400 342 3470 elamore,
359 3400 422 3456 lum
438 3395 613 3475 etiamquir
626 3413 687 3458 noo
703 3395 888 3458 deberemus
900 3407 968 3472 pre·
1014 3397 1052 3469 ed
1069 3395 1209 3459 meritum
1223 3413 1232 3473 3
1250 3412 1318 3457 nam
1335 3395 1449 3458 habent
1463 3396 1610 3475 gratiam,
1626 3391 1740 3467 iidem,
1757 3398 1866 3470 spern‘

102 3477 169 3538 cari
187 3475 249 3538 illis
262 3477 402 3556 requiem
418 3484 449 3540 et
462 3478 676 3542 liberationem
692 3496 708 3541 a
724 3476 901 3558 purgatorio
915 3523 924 3552 ,
939 3477 966 3538 si
1011 3478 1202 3550 charitatem,
1219 3483 1250 3540 et
1263 3478 1395 3541 liberum
1410 3477 1690 3550 arbitrium‚seitem
1704 3477 1803 3553 quood
1818 3493 1869 3536 er·

106 3564 245 3620 amarent
258 3557 344 3639 ipseo
360 3577 414 3622 eas
430 3577 558 3638 poenes.
1011 3560 1149 3624 eroiiium
1164 3578 1173 3635 3
1189 3577 1245 3622 eur
1258 3559 1350 3640 igitur
1375 3576 1437 3622 non
1459 3559 1641 3622 merentur?
1655 3558 1868 3620 baindebeali

148 3639 259 3703 Probat
273 3639 387 3704 deinde
401 3641 667 3723 consequentiam.
683 3642 795 3705 Primo:
810 3641 885 3718 Quia
897 3655 969 3704 rere
1010 3645 1122 3704 mereri
1148 3649 1300 3720 possunt,
1316 3649 1350 3705 ut
1374 3647 1457 3722 petel
1471 3643 1511 3704 de
1531 3641 1651 3704 christo
1676 3641 1732 3720 qui·
1743 3655 1868 3718 sempor

105 3724 221 3785 amanti
231 3739 346 3787 omnes
362 3740 482 3804 poenae
496 3725 691 3792 dulcesouol.
708 3740 782 3803 ergo
797 3725 917 3786 animae
932 3723 968 3785 il·
1009 3725 1067 3788 luit
1081 3725 1210 3796 beatus,
1227 3731 1258 3788 et
1275 3730 1375 3787 tamen
1391 3725 1587 3792 merebatur.
1603 3737 1677 3802 ergo
1693 3724 1788 3784 molto
1803 3739 1867 3783 me·

101 3805 153 3868 lae
167 3807 239 3868 durn
255 3807 410 3886 refugiunt
425 3824 541 3886 poenas
556 3825 616 3871 non
632 3807 768 3887 periente
783 3814 968 3885 amenhpro·
1011 3806 1058 3887 gis
1073 3807 1193 3869 animae
1208 3809 1375 3885 purgatorii
1390 3809 1502 3870 mereri
1517 3813 1672 3886 poterunt.
1689 3805 1765 3868 ltern
1782 3807 1868 3867 diues

100 3887 177 3950 inde
193 3890 565 3971 pereunt.Seoundo,quia
580 3891 654 3953 dum
669 3891 824 3967 refugiunt
838 3905 966 3967 poenus,
1011 3889 1041 3952 in
1058 3889 1177 3952 interno
1192 3890 1287 3952 orarit
1302 3905 1357 3968 pro
1371 3905 1418 3963 se,
1435 3897 1468 3953 ot
1479 3891 1545 3954 suis
1559 3889 1658 3952 bunne
1673 3888 1722 3950 lo.
1736 3904 1809 3966 ergo
1823 3895 1867 3950 et·

101 3978 257 4048 quaerunt
270 3989 350 4050 quae
365 3990 420 4036 sua
437 3979 520 4044 sunt,
536 3990 597 4036 non
614 3974 763 4036 honorem
777 3971 966 4044 bethereo.
1010 3971 1069 4034 inor
1085 3974 1203 4034 animae
1219 3972 1386 4052 purgatorii
1410 3987 1499 4035 oraro
1513 3976 1664 4052 possunt,
1682 3969 1782 4032 atisin
1797 3985 1865 4031 orn·

101 4055 175 4132 quia
192 4054 288 4116 Deum
304 4061 406 4118 emant
419 4071 523 4119 amore
539 4055 900 4133 eoneupisoenriaa‚durn
916 4073 967 4118 eu·
1012 4055 1052 4118 tio
1068 4055 1206 4134 procedit
1220 4057 1289 4118 sine
1304 4055 1398 4118 dubio
1423 4071 1460 4118 ex
1475 4055 1642 4127 ebaritnte3
1661 4060 1795 4115 meretur
1809 4052 1865 4131 igi·

102 4136 193 4214 piunt
218 4138 256 4199 ab
271 4152 308 4199 eo
324 4137 460 4201 liberari.
477 4138 589 4212 Quarto
603 4187 612 4212 ,
628 4140 698 4217 quio
714 4138 854 4202 Christus
870 4137 966 4211 nteit,
1012 4144 1059 4202 tur
1074 4138 1228 4201 exaudire·
1240 4137 1381 4217 Denique
1396 4137 1478 4200 idem
1494 4138 1674 4200 oonllrmant
1690 4135 1867 4198 auetoritule

103 4218 176 4293 quia
193 4235 252 4282 oon
269 4221 381 4298 aeeipit
395 4237 518 4284 eruoem
534 4237 698 4296 suam‚non
714 4225 763 4283 est
777 4237 826 4284 me
842 4219 966 4302 dignus,
1011 4237 1039 4283 s.
1055 4222 1200 4296 Therone,
1217 4221 1269 4301 qui
1284 4221 1316 4282 in
1331 4219 1361 4282 l.
1379 4221 1449 4282 dist.
1467 4221 1653 4299 aequalest.
1673 4219 1703 4279 l.
1716 4225 1773 4282 art.
1785 4216 1815 4278 b.
1830 4217 1868 4278 ad

101 4301 207 4372 idest,
224 4302 275 4384 qui
292 4319 353 4366 non
370 4304 483 4382 aeeipit
507 4311 619 4384 sponte
634 4310 665 4367 et
679 4301 824 4368 libenter.
842 4303 878 4366 ot
892 4319 966 4366 ernx
1011 4303 1042 4366 b.
1060 4305 1145 4370 dieii.
1162 4310 1232 4382 Post
1246 4303 1326 4366 hano
1339 4305 1431 4366 ritem
1448 4319 1507 4366 non
1524 4317 1616 4384 posse
1637 4299 1765 4379 reperiri
1779 4300 1869 4361 meri·

102 4386 274 4447 animarum
291 4386 497 4463 purgatorium
509 4386 887 4468 est3peooantigiturdum
901 4403 967 4450 earn
1013 4394 1074 4448 turn
1090 4393 1235 4463 respectu
1260 4387 1388 4464 praemii
1404 4385 1580 4450 essentialis
1594 4433 1602 4461 ‚
1619 4386 1674 4447 sed
1691 4390 1805 4445 tanturn
1821 4399 1869 4444 re·

102 4483 228 4530 erucem
243 4469 411 4548 refugiunt.
1012 4475 1121 4549 speetu
1137 4468 1349 4532 aoeidenlelie.

147 4549 341 4629 despondeo:
358 4552 483 4616 Animas
498 4553 528 4616 in
546 4550 719 4632 purgatorio
733 4552 860 4615 horrere
874 4569 909 4614 no
922 4567 968 4614 re·
1055 4551 1239 4625 Respondeo
1254 4551 1292 4614 ad
1307 4557 1532 4630 argumentum:
1542 4551 1659 4614 haesse
1674 4549 1711 4610 ed
1726 4547 1870 4609 meritona

102 4631 211 4712 lugere
226 4649 354 4714 poenes,
372 4640 403 4698 et
417 4637 555 4712 requiem
571 4649 732 4714 quaerere,
748 4640 901 4713 quatenus
917 4651 969 4698 eas
1012 4634 1173 4697 animabus
1190 4635 1354 4713 purgatorii
1378 4639 1487 4696 stuturn
1504 4635 1582 4695 ritae
1595 4651 1604 4710 3
1619 4633 1702 4694 bees
1717 4631 1798 4691 anim
1814 4677 1820 4696 .
1838 4637 1872 4689 ut

102 4716 302 4779 considerant
315 4723 349 4780 ut
362 4718 458 4780 malas
472 4726 503 4781 et
518 4724 643 4781 naturae
673 4717 863 4792 contrarias,
880 4724 911 4782 et
927 4725 969 4778 to·
1012 4735 1050 4780 ex
1065 4717 1232 4794 seripturis
1248 4717 1408 4779 manileste
1423 4717 1589 4794 probatur.
1606 4715 1706 4778 solurn
1723 4728 1778 4790 pru
1794 4721 1869 4772 tem-

103 4813 178 4860 men
193 4799 284 4862 simul
300 4815 353 4864 ees
367 4799 501 4864 libenter
515 4801 676 4866 admittere
691 4805 722 4863 et
736 4801 877 4872 tolerare,
895 4817 969 4881 que·
1013 4816 1089 4882 pere
1105 4799 1199 4878 hujus
1225 4801 1300 4862 ritae
1322 4799 1480 4860 eonstituit
1505 4805 1666 4878 nooeptme
1681 4796 1763 4858 bona
1778 4809 1871 4872 opera

103 4887 196 4944 tenus
210 4883 451 4946 considerentur
462 4881 825 4962 instrumente,perquae
837 4901 968 4964 purgan-
1013 4883 1050 4945 ad
1068 4882 1221 4954 meritum,
1237 4882 1284 4944 rel
1300 4881 1493 4944 demeritum.
1510 4883 1582 4944 Post
1601 4879 1681 4944 hane
1694 4878 1783 4938 ritem
1799 4891 1873 4940 uero

103 4970 167 5040 tur;
180 4966 333 5042 quomodo
349 4971 492 5046 aegrotus
507 4966 611 5029 horret
625 4966 810 5030 medicinam
822 4983 966 5041 amaram,
1012 4966 1093 5028 hone
1109 4981 1202 5042 opera
1218 4969 1308 5027 erunt
1322 4963 1450 5027 ellectus
1464 4964 1592 5044 gloriae,
1609 4969 1640 5026 et
1652 4961 1728 5024 maia
1740 4957 1871 5028 elieetus

104 5054 138 5110 et
151 5053 253 5111 hmen
268 5049 400 5113 libenter
414 5048 525 5124 sumit,
543 5047 614 5127 quie
630 5065 686 5128 per
701 5065 768 5112 eam
783 5050 881 5113 oureri
897 5065 968 5127 spe·
1013 5048 1231 5111 damnationis.
1849 5122 1856 5135 ·

103 5135 173 5202 rat,
190 5147 293 5214 neque
317 5131 349 5194 in
374 5131 434 5194 hou
459 5131 556 5194 ullum
580 5137 739 5211 pareatum
767 5136 966 5211 essepotest.
1052 5131 1095 5192 hd
1113 5129 1241 5208 primam
1267 5129 1530 5192 eonornaboneur
1551 5127 1621 5190 dieo
1641 5123 1815 5192 :Christum
1830 5139 1872 5185 sr·
1905 5178 1911 5188 .

102 5213 179 5276 iiam
194 5214 342 5279 Dominus
367 5215 418 5294 qui
434 5230 565 5292 peceare
580 5229 639 5276 non
657 5215 776 5292 poluit,
793 5215 910 5277 horruit
926 5219 967 5276 te·
1012 5213 1075 5276 mul
1090 5212 1187 5274 lenisse
1207 5213 1498 5289 comprehensorern
1525 5217 1556 5274 et
1571 5212 1714 5271 uiatorem
1731 5254 1740 5282 ‚
1757 5214 1788 5268 et
1801 5205 1874 5270 ideo

104 5312 177 5358 men
193 5302 356 5376 poenas‚et
369 5296 455 5358 dixit:
471 5295 720 5375 Petertrooeser
734 5297 968 5362 eolieenrhuoe
1014 5313 1072 5374 qua
1089 5302 1173 5372 parto
1198 5298 1294 5358 uiator
1309 5303 1393 5364 erat.
1412 5293 1523 5358 mereri
1551 5297 1688 5374 peteret4
1704 5290 1787 5352 undo
1803 5297 1874 5366 post

103 5396 129 5440 o
142 5396 205 5452 nte,
221 5380 326 5444 blatto.
342 5379 394 5442 ab.
411 5384 441 5441 ei
455 5379 547 5441 berid
562 5380 682 5442 elamet:
699 5378 969 5456 montemoren-
1014 5385 1143 5441 mortem
1158 5395 1257 5448 suam,
1275 5380 1345 5458 quia
1360 5377 1454 5439 desiit
1468 5391 1540 5444 esse
1553 5377 1661 5450 vietor,
1673 5373 1751 5436 nihil
1766 5372 1874 5452 ampli-

105 5461 176 5536 lor,
191 5463 569 5536 pommeranorum,
586 5463 696 5540 psalm.
709 5463 761 5525 68.
777 5463 814 5525 Et
828 5465 867 5526 de
882 5463 968 5525 Petro
1016 5479 1053 5524 us
1070 5462 1190 5524 meruit.

6 5567 7 5570 ¹
105 5543 248 5609 Christus
263 5547 317 5620 ait,
331 5546 421 5609 loun.
438 5546 493 5607 ult.
512 5543 591 5610 Gom
604 5548 849 5612 renuerituliua
864 5545 970 5627 ringet
1055 5543 1096 5604 lu
1112 5544 1281 5607 seeundum
1307 5543 1398 5605 dieo:
1416 5541 1450 5612 Si
1464 5542 1583 5605 animae
1605 5537 1771 5620 purgatorii
1786 5543 1875 5599 orent

6 5647 7 5658 ¹
105 5633 149 5704 te,
166 5636 195 5694 et
207 5630 302 5695 ducat
314 5645 378 5714 quo
391 5633 427 5693 tet
440 5643 508 5693 non
521 5629 581 5693 uie.
1014 5643 1071 5707 pro
1085 5643 1120 5690 se
1135 5627 1182 5690 rel
1200 5627 1300 5702 nobis,
1318 5626 1357 5690 de
1372 5641 1436 5709 apro
1450 5626 1578 5690 interius
1591 5623 1623 5688 in
1639 5621 1819 5704 quaestione
1832 5619 1874 5686 de
