4082 6300
270 349 323 408 titt
905 349 948 408 bd
965 351 1068 410 uaris
1088 349 1271 408 tectisue*

192 497 307 564 444444
321 487 351 546 44
361 485 443 548 dure
469 485 596 565 loquuti
614 489 703 548 eunt.
718 484 793 548 item
814 483 870 547 tib.
886 485 920 548 3.
935 502 1005 565 cap.
1021 486 1053 549 b.
1098 499 1210 548 omnes
1224 482 1294 564 ejus
1305 485 1432 546 saecuti
1444 484 1601 552 doctores.
1615 495 1728 544 venam
1742 478 1842 542 444444
1854 477 1894 544 in
1906 495 1964 558 po·

192 565 210 648 4
226 565 277 629 tu.
293 565 370 628 Arete
381 569 470 632 444444
483 574 513 630 44
524 572 678 632 trecentas
693 581 879 631 annosueu
890 574 1056 649 receptum
1098 566 1286 630 sterivribus
1301 581 1356 628 eos
1370 565 1509 628 subinde
1525 563 1660 626 44444444
1674 567 1704 624 44
1718 567 1833 626 auctas
1848 576 1928 624 esse.

188 650 264 727 fuit,
280 655 318 712 ut
330 652 534 728 precationes
548 649 664 727 fierent
674 665 734 728 pro
751 649 991 728 444444444844
1002 668 1053 714 ue·
1100 705 1103 710 ,
1140 649 1311 712 Notandum
1326 655 1430 711 eutem
1440 655 1501 728 est,
1518 647 1709 710 Luthcreous
1725 645 1839 708 trabere
1851 645 1964 706 444444·

188 737 270 798 teres
285 746 406 807 omnes,
420 733 535 811 [44444.
543 734 581 796 44
589 748 738 796 errorem
751 732 877 812 abrepti
889 735 1054 798 euntltem
1099 732 1161 796 ium
1177 733 1216 794 44
1232 732 1330 794 tibere
1342 731 1469 794 ,arbitria
1495 746 1552 808 pro
1566 729 1765 791 fundamenta
1781 729 1875 794 taius
1888 743 1966 790 suae

192 815 249 880 tib.
266 813 297 878 3.
313 831 382 892 444.
400 815 449 880 te.
466 815 525 896 44.
545 815 595 878 bei
605 820 693 888 euin,
705 815 819 892 iatam,
828 817 953 895 poesim
966 823 1053 880 vetu·
1099 814 1270 878 doctrinae.
1285 814 1438 876 Lntberus
1453 814 1535 878 enim
1552 813 1583 872 in
1599 811 1797 874 assertartic.
1810 810 1865 874 34.
1877 811 1965 881 44444,

191 902 233 962 sti
247 899 390 962 doctares
405 899 539 960 4444444
550 896 718 960 4444444444
728 898 805 960 inim
817 898 903 970 dicit,
917 900 1055 978 pessime
1099 897 1181 962 bunc
1196 898 1358 960 articulum
1373 913 1444 962 esse
1459 897 1627 976 optimum,
1644 901 1674 957 et
1689 909 1844 956 summum
1859 908 1966 960 rerum

191 979 387 1046 censatuissc
402 980 475 1048 44444
490 980 671 1054 sinceritati,
689 982 741 1059 qui
768 982 828 1044 boc
843 997 955 1044 nornen
971 983 1054 1048 inre·
1099 997 1223 1043 suerum
1239 1025 1248 1054 ,
1265 985 1343 1042 eaeo
1365 984 1399 1041 nt
1412 978 1531 1042 articuli
1560 979 1599 1039 de
1612 982 1748 1056 papatu,
1765 977 1805 1038 de
1820 975 1967 1038 conciliis

192 1061 250 1126 nit,
266 1061 342 1126 item
357 1062 412 1146 ab,
426 1063 457 1132 4.
474 1055 542 1141 cnp'.
558 1063 591 1124 4.
605 1061 622 1134 t
636 1062 686 1125 ib.
702 1061 851 1128 Peccavit
873 1066 1054 1145 antiquitas
1099 1061 1231 1140 eiiisouc
1246 1063 1400 1125 similibus
1415 1063 1509 1126 rebus
1525 1075 1624 1138 nugae
1636 1060 1697 1122 4444
1710 1059 1839 1137 possint.
1854 1061 1964 1137 itaque

189 1145 366 1208 immodico
379 1146 556 1217 severitate,
570 1145 742 1225 guodptue
755 1148 934 1227 requireret
943 1150 981 1214 iu
987 1150 1055 1229 epi·
1099 1145 1130 1206 in
1146 1146 1309 1222 praecipue
1322 1144 1527 1208 controversie
1545 1189 1553 1212 ,
1571 1149 1602 1204 et
1616 1141 1647 1202 in
1661 1142 1727 1220 ipse
1738 1157 1858 1204 somme
1870 1143 1916 1204 rei
1929 1157 1963 1203 o·

189 1242 300 1306 scopo,
315 1243 416 1307 guam
429 1228 551 1292 ructus
565 1229 769 1307 requiratur
778 1231 1055 1308 praesertimeuc·
1100 1243 1188 1290 mnes
1210 1235 1330 1292 veteres
1349 1227 1494 1305 (testibus
1516 1223 1846 1304 magdeburgensibus)
1873 1222 1969 1286 nobis

192 1325 282 1372 44444
293 1311 455 1388 ternporis,
479 1309 683 1372 coctiborum.
706 1310 782 1377 ltcm
798 1313 854 1374 lib.
867 1313 898 1375 4.
915 1330 984 1392 cop.
1002 1315 1053 1378 44.
1101 1310 1335 1374 inventttctode
1350 1310 1410 1372 444.
1423 1307 1644 1382 educatrice,
1660 1306 1859 1386 inquinatae
1865 1306 1965 1388 justi·

191 1389 207 1472 4
222 1390 253 1454 8.
269 1393 433 1456 tacuere
443 1393 535 1456 nutta
546 1394 642 1457 modo
663 1398 764 1471 parat
780 1395 958 1460 immodica
971 1404 1054 1460 vete·
1097 1389 1249 1470 firmiana
1269 1393 1485 1474 rregligentius
1510 1398 1540 1452 et
1554 1389 1722 1454 obscurius
1736 1389 1778 1451 ab
1792 1389 1841 1452 bie
1856 1392 1967 1454 docto·

188 1490 264 1540 rum
274 1476 458 1554 austeritas,
470 1491 555 1554 guae
569 1480 600 1538 ct
611 1491 746 1554 prorsus
755 1475 1055 1558 Dominipraeecri·
1099 1475 1191 1538 ribus
1206 1477 1329 1540 tradita
1345 1481 1410 1538 est.
1426 1474 1590 1546 videlicet,
1606 1487 1676 1535 non
1690 1472 1806 1535 444444
1818 1488 1881 1536 nos
1893 1473 1968 1534 eota

189 1562 245 1636 pto
260 1557 446 1630 dissidebat,
460 1564 490 1620 et
503 1563 572 1620 crot
585 1560 708 1621 mirrnn
727 1561 766 1623 in
779 1562 914 1624 modum
925 1563 1054 1641 pericu·
1097 1555 1161 1635 444
1180 1557 1368 1638 tristificari.
1386 1558 1419 1621 m
1437 1557 1561 1620 444444.
1578 1554 1609 1618 3.
1626 1571 1695 1633 cap.
1718 1553 1749 1616 4.
1767 1555 1827 1617 444.
1843 1553 1897 1617 83.
1918 1555 1966 1618 Vi·

190 1641 349 1712 toea,cum
360 1641 767 1718 pcccatoripaenitcntiom
776 1644 952 1708 sotenmern
964 1659 1055 1708 44444
1100 1642 1180 1703 deas
1195 1688 1202 1712 ,
1219 1644 1363 1721 inquiunt
1377 1688 1384 1713 ,
1400 1641 1438 1703 in
1452 1641 1619 1704 doctorum
1633 1637 1732 1714 buius
1746 1638 1871 1702 saecuti
1883 1638 1968 1700 aori·

189 1724 228 1786 in
240 1729 371 1800 septem.
387 1739 476 1785 44444
490 1723 690 1803 inquotuor,
702 1726 914 1792 semicinciis
935 1743 1053 1797 annas,
1097 1723 1174 1804 ptis,
1194 1739 1265 1787 non
1288 1723 1427 1786 obscura
1448 1722 1586 1798 veedgm
1607 1720 1825 1784 invocationis
1838 1725 1968 1784 sancto·

190 1819 281 1870 4444
291 1805 330 1866 44
341 1808 439 1868 toturn
451 1806 553 1871 uitam
565 1807 759 1871 indicerent.
776 1807 861 1882 Note,
878 1805 1002 1872 (4414444
1014 1811 1054 1872 ite
1098 1821 1185 1870 rum.
1199 1807 1236 1870 Et
1250 1806 1365 1870 44483.
1384 1806 1577 1886 otcrtgrium
1588 1803 1768 1868 4444444444
1778 1804 1970 1867 eutulanum

188 1887 285 1949 444444
304 1888 613 1968 accessurumque
630 1890 698 1967 ipse
714 1895 809 1968 putet,
833 1907 887 1971 per
903 1891 995 1955 iidem
1009 1894 1055 1956 sic
1100 1903 1211 1954 omnes
1226 1891 1324 1968 buim
1339 1890 1455 1952 aetatis
1469 1887 1743 1951 docteresttolum
1755 1887 1839 1948 eninr
1854 1887 1969 1948 tntae-

187 1969 348 2048 jvstificeri
364 1970 533 2044 troruinem,
550 1977 582 2033 ut
598 1971 674 2034 nibil
691 1988 771 2051 pena
787 1974 935 2037 tuendum
946 1982 1053 2038 restet.
1100 1973 1165 2032 reni
1180 1989 1251 2050 esse
1267 1973 1448 2052 martyrium
1462 1969 1730 2050 genosuuoddem
1745 1968 1902 2047 baptismi,
1914 1973 1969 2030 eut

190 2051 319 2126 Quodsi
335 2068 439 2116 rerum
454 2061 549 2126 essct,
564 2053 737 2119 rectissime
766 2064 926 2120 accusaret
946 2075 1056 2120 omnes
1101 2055 1270 2118 ullomodo
1286 2055 1403 2134 expiari
1419 2057 1541 2132 peccate
1557 2069 1612 2131 per
1627 2053 1814 2131 martyrium.

189 2139 321 2214 reteres3
337 2134 468 2214 proinde
483 2134 624 2214 sequitur
636 2138 823 2202 sententiam
852 2147 985 2203 nustmm
1015 2141 1055 2204 dc
1141 2135 1331 2201 tentarint.
1347 2139 1408 2200 444.
1425 2134 1814 2213 respondissemus
1829 2139 1970 2196 44444444

194 2231 294 2294 paena
309 2223 489 2290 remanente
502 2223 573 2296 past
588 2220 803 2284 remissionem
819 2223 929 2301 cuipee
945 2269 953 2298 ,
973 2223 1055 2304 judi·
1101 2224 1165 2288 iere
1180 2221 1317 2284 omnium
1332 2221 1415 2282 441444
1430 2219 1546 2282 saecuti
1562 2263 1570 2286 ,
1589 2223 1621 2280 44
1633 2215 1814 2290 Athanasii,
1832 2215 1964 2289 Basilii,

195 2299 246 2362 cio
269 2296 382 2362 Cetrini
397 2299 579 2364 sententium
597 2317 667 2364 csse
681 2301 818 2366 omnium
833 2311 981 2368 veterum.
1100 2305 1291 2374 Nazianzeni,
1306 2301 1490 2382 Epiphanii,
1507 2299 1641 2381 Ephrem
1656 2345 1665 2371 ,
1681 2298 1832 2363 Ambrosii
1847 2304 1878 2362 et
1892 2298 1968 2360 Pru·

210 2425 214 2430 ,
232 2380 309 2444 Item
324 2382 378 2443 tib.
394 2380 427 2447 4.
443 2399 512 2462 cap.
529 2383 579 2446 ti.
596 2383 613 2463 4
628 2383 679 2446 ea.
702 2385 773 2450 Non
786 2386 825 2450 in
839 2393 938 2452 totum
954 2404 1055 2453 emcn-
1100 2389 1266 2467 dendipro
1279 2385 1474 2456 ¹invocatione
1488 2389 1770 2462 seruorumquem
1786 2381 1846 2462 ipsi
1862 2387 1967 2444 temen

192 2465 1058 2551 eureoudeouetercs;quietsuperetitiauisguaedam
1100 2472 1436 2538 idolotatriemrocant.
1619 2477 1624 2482 ·

192 2546 513 2624 reminisceremur
526 2550 730 2614 occasionem
741 2551 928 2630 praebuerit
943 2557 1055 2636 tyren·
1144 2553 1285 2620 centuria
1312 2551 1342 2612 b.
1359 2551 1419 2613 col.
1436 2547 1507 2612 500.
1525 2546 1637 2616 Sicut,
1661 2545 1761 2625 inquit
1775 2591 1784 2618 ,
1798 2545 1968 2623 prioribus

190 2628 276 2700 nidi,
293 2644 378 2708 guae
391 2633 505 2708 postea
519 2638 636 2694 everto
650 2638 715 2700 est.
733 2637 762 2696 44
776 2640 854 2698 tinec
867 2640 992 2714 passim
1004 2640 1056 2702 in·
1101 2641 1225 2720 atiqnot
1249 2633 1388 2698 sacculis
1404 2631 1556 2696 doctrino
1580 2631 1620 2693 de
1634 2629 1734 2692 tibero
1759 2627 1893 2691 arbitria
1912 2629 1967 2692 de-

61 2786 67 2798 ,
191 2711 360 2786 vuluerat,
384 2713 609 2790 superstitiosa
622 2715 894 2795 quadragesimae
909 2718 1055 2784 observa·
1098 2726 1240 2802 provma
1254 2722 1319 2787 eat,
1335 2715 1456 2780 itaboc
1471 2709 1811 2788 ebiomataittinire:
1826 2711 1969 2774 Etiamsi

192 2793 256 2865 444.
271 2794 353 2873 aiiii
367 2798 397 2858 44
410 2796 527 2874 44444444
542 2797 703 2869 emmaum
717 2799 854 2880 aliquod
867 2800 1057 2882 obsequium
1101 2809 1211 2869 autem
1223 2800 1390 2866 interdum
1405 2798 1505 2872 bene,
1523 2802 1552 2858 et
1565 2811 1646 2858 sone
1659 2793 1835 2858 manantur
1850 2793 1965 2874 44444,

189 2881 361 2955 4444444444
385 2893 419 2940 44
432 2876 497 2942 944
510 2879 549 2942 444
564 2895 604 2942 44
619 2881 849 2952 enumerabat,
866 2889 897 2946 et
909 2893 1055 2964 pastores
1101 2894 1211 2950 tamen
1225 2883 1358 2947 tandem
1372 2881 1512 2944 tuberum
1525 2877 1698 2942 arbitrium
1709 2877 1746 2939 in
1756 2875 1852 2940 rebus
1865 2879 1967 2938 etiam

190 2972 267 3022 eam
280 2960 626 3040 commendabant-pro
636 2969 753 3026 sancta
762 2965 998 3030 imitationciit
1008 2968 1054 3031 in»
1100 2965 1326 3050 spiritualibus
1339 2965 1377 3026 in
1390 2979 1454 3026 suo
1468 2961 1676 3024 conversione
1690 2957 1888 3026 semuncem
1899 2961 1964 3021 coi.

190 3039 236 3102 frti
251 3057 260 3112 3
286 3040 362 3104 Fuit
374 3043 476 3120 444444
488 3059 582 3108 mero
604 3041 777 3124 ,moestu
801 3052 831 3108 et
843 3051 1056 3129 strperstionis
1101 3052 1173 3115 506.
1190 3050 1352 3113 Nimirum
1366 3047 1445 3108 baec
1460 3049 1550 3106 octos
1567 3042 1658 3108 banis
1673 3041 1844 3105 hominum
1858 3043 1968 3122 operi·

190 3123 313 3200 ptcuu,
328 3125 418 3202 quad
432 3125 526 3188 tituto
551 3142 590 3188 oc
606 3127 713 3194 cotors
730 3129 923 3194 nodationis
942 3131 1057 3198 dicristi
1101 3135 1160 3199 bue
1186 3131 1383 3209 adscripsit,
1399 3129 1437 3191 id
1456 3127 1545 3207 guod
1569 3143 1613 3190 44
1634 3127 1812 3204 depromta
1826 3124 1967 3188 articulo

187 3203 357 3282 ieiunitas
371 3207 584 3272 ordinabam.
611 3208 728 3278 ibidem
745 3209 761 3291 4
776 3211 828 3274 23.
847 3211 939 3289 Quod
950 3231 1054 3279 44444·
1096 3213 1341 3296 imtidcaticnie
1362 3207 1621 3274 omnedicibili
1642 3209 1743 3272 statim
1758 3206 1852 3270 citent
1868 3209 1967 3269 aorni-

192 3285 319 3352 4044444
333 3289 544 3352 mmm
565 3290 632 3369 44444
651 3292 843 3372 maragdum
856 3341 864 3366 .
879 3298 918 3360 ia
931 3298 1055 3375 tactum
1102 3318 1153 3364 um
1168 3305 1305 3362 veterum
1321 3295 1404 3356 titius
1419 3290 1555 3366 saecuti,
1572 3292 1664 3356 etiem
1679 3289 1852 3369 Augustini,
1871 3290 1966 3352 multe

193 3370 357 3446 estimpio
382 3374 569 3451 tyrannide.
588 3373 715 3448 Quando
741 3383 844 3440 eutem
857 3377 950 3442 tuerit
963 3381 1057 3444 inter·
1102 3381 1295 3452 testimonia,
1313 3378 1393 3456 quod
1421 3392 1512 3454 opere
1526 3375 1592 3438 sint
1607 3373 1760 3438 meritorie
1780 3372 1888 3452 ;quod
1902 3371 1966 3452 ipsi

192 3451 320 3544 44444444,
338 3460 420 3528 notet
434 3454 501 3532 ipse
518 3454 547 3516 in
564 3456 701 3537 margine
711 3474 856 3536 „ponemr
873 3461 1009 3542 syricius
1024 3463 1056 3525 in
1102 3482 1156 3545 pra
1171 3477 1283 3544 magno
1298 3476 1402 3524 errore
1417 3458 1544 3521 babent.
1784 3507 1785 3512 ,

193 3535 325 3612 epistota
349 3537 386 3598 ed
414 3537 581 3616 episcopos
605 3539 784 3617 Hispaniae.
800 3542 894 3606 Porro
919 3544 1058 3626 syricius
1142 3548 1235 3609 Porro
1249 3545 1407 3622 eleganter
1420 3541 1568 3604 adversus
1586 3537 1679 3611 istos,
1695 3537 1747 3618 qui
1762 3551 1873 3600 omnes
1888 3535 1966 3598 enti·

193 3614 259 3680 iere
273 3623 343 3680 ante
359 3634 456 3680 annos
480 3619 570 3682 trab.
588 3621 681 3684 sedit.
699 3622 734 3686 et
749 3623 827 3688 inire
843 3626 1057 3708 subjungitis
1101 3646 1180 3708 quos
1195 3645 1315 3708 errasse
1331 3625 1447 3698 dicunt,
1464 3623 1600 3701 loquitur
1614 3620 1801 3684 4444444444.
1817 3621 1857 3682 44
1873 3635 1963 3697 prae·

192 3697 250 3760 bec
264 3700 352 3778 tege:
368 3701 455 3764 ttucc
469 3719 554 3782 quae
567 3704 766 3770 videbuntur·
775 3712 992 3774 merentium
1004 3727 1057 3774 sa·
1102 3711 1333 3790 scriptionibus:
1350 3706 1427 3786 Age,
1443 3707 1556 3784 inquit,
1572 3719 1662 3768 4444
1677 3717 1787 3766 amnes
1802 3701 1968 3766 decuriae

193 3782 335 3846 cerdatio
350 3785 660 3866 convitiaremagno
670 3789 793 3866 plausu
804 3792 904 3856 etiam
913 3793 1056 3876 antt’gui·
1102 3795 1447 3868 erraverintmeceptus
1460 3791 1502 3852 ait
1517 3793 1546 3850 ct
1558 3786 1719 3864 apostotus
1731 3785 1771 3848 de
1783 3784 1968 3848 testimonio

192 3867 595 3944 tosrcceptaessotargog,
935 3911 938 3920 .
1100 3865 1967 3953 erroreadeuaoquabmaumacttamrespcceruspt-

233 3946 317 4010 14444
335 3949 389 4010 44·
406 3949 436 4012 4·
455 3967 523 4028 cop.
538 3951 587 4014 ¹5·
604 3951 621 4024 4
636 3951 786 4030 20.de
800 3956 910 4020 4444444
925 3955 966 4018 ub
978 3959 1055 4023 trine
1102 3963 1185 4024 ritm
1199 3963 1342 4022 4444444.
1359 3956 1409 4017 uti
1424 3971 1497 4018 eom
1510 3954 1548 4015 in
1562 3955 1696 4018 veritate
1711 3951 1905 4024 deduceret,
1922 3952 1970 4013 od

192 4031 342 4103 succutis,
360 4033 507 4112 adeoque
523 4034 564 4095 ab
577 4035 648 4113 ipso
662 4034 730 4113 tore
744 4037 907 4102 4444444444
918 4043 1055 4104 ceordic
1101 4044 1161 4106 boc
1175 4043 1291 4106 4444444
1308 4058 1330 4102 4
1346 4035 1529 4124 acridani
1542 4035 1602 4098 troc
1612 4034 1795 4112 pactuatus
1805 4033 1846 4096 dc
1857 4032 1966 4106 Patre,

191 4127 256 4176 444
268 4120 434 4192 receptum
446 4117 542 4179 video
558 4163 565 4184 .
582 4121 619 4184 ut
630 4118 670 4182 in
681 4119 827 4196 periculo
852 4123 965 4190 martie
979 4124 1057 4188 44444
1101 4133 1139 4189 ut
1152 4131 1232 4188 esset
1255 4119 1534 4186 doctorueritatis.
1551 4117 1732 4194 4449444444
1753 4115 1895 4196 affinem
1908 4113 1968 4178 Dei

193 4192 409 4278 baptizarent,
425 4199 455 4260 si
468 4199 617 4262 minister
630 4201 669 4264 in
683 4207 825 4280 tempore
838 4209 908 4266 non
919 4205 1054 4282 adesset,
1101 4208 1251 4274 44444444,
1270 4205 1386 4268 Christi
1398 4202 1553 4275 44444444,
1568 4202 1680 4264 sinens
1694 4199 1855 4262 Ecclesias
1871 4199 1969 4262 otiter

194 4292 263 4338 uon
276 4279 370 4371 uideo
385 4297 487 4358 ovam
499 4278 597 4356 rirmo
611 4284 741 4348 4444444
755 4287 856 4363 possit
868 4287 1011 4365 defendi.
1024 4287 1056 4352 -1·
1100 4292 1234 4354 interim
1246 4288 1436 4364 intetiigere,
1454 4285 1549 4348 atitar
1563 4283 1705 4351 4444444,
1720 4281 1811 4362 guod
1823 4281 1967 4360 ipseper

194 4364 254 4420 tem
272 4360 326 4420 trb.
342 4363 373 4424 4.
387 4379 454 4438 cap.
471 4363 771 4443 restituentem
784 4383 854 4432 444
866 4385 959 4447 posse
971 4371 1057 4436 arbi·
1102 4373 1264 4452 apostotos
1285 4367 1510 4449 praedicabat.
1526 4367 1566 4428 ut
1580 4367 1639 4446 gui
1652 4363 1828 4431 4444444444
1842 4369 1887 4426 est
1903 4409 1911 4436 ‚
1930 4367 1967 4426 ut

193 4445 272 4514 trvr,
288 4446 507 4536 antecessum
522 4446 658 4525 aaguoa
669 4450 708 4514 in
722 4452 860 4514 actionis
874 4453 970 4516 modo
984 4471 1057 4532 pec·
1102 4462 1146 4520 tot
1160 4472 1199 4518 ac
1213 4460 1324 4520 tantae
1337 4453 1375 4514 in
1387 4465 1494 4514 unam
1506 4447 1603 4528 fidem
1619 4447 1822 4510 erraverint?
1904 4448 1966 4508 iu·

194 4530 351 4619 44444444·
363 4526 483 4590 imitati
496 4537 573 4592 runt
584 4531 857 4609 cnimjuaaicum
869 4535 1056 4614 4444444444·
1102 4541 1178 4603 dect
1191 4555 1266 4616 ergo
1282 4536 1402 4614 atiquis
1417 4535 1541 4602 dicere,
1559 4547 1684 4594 errasse
1699 4545 1751 4594 eos
1765 4575 1774 4603 ,
1790 4529 1849 4608 gui
1863 4529 1965 4592 trodi-

194 4607 231 4668 44
244 4621 367 4670 morem
380 4610 603 4689 4494444444
617 4620 675 4676 444
686 4617 889 4681 ordinaverit
903 4617 1055 4694 divisim,
1101 4618 1376 4700 derunttQuoqua
1391 4617 1486 4680 moda
1501 4615 1542 4677 sit
1553 4612 1840 4686 arratum,tamaiu
1851 4611 1968 4689 utiaue

193 4693 253 4752 out
268 4691 527 4784 evangetiirarto
540 4693 679 4760 sinebat.
694 4696 777 4762 44444
792 4699 946 4764 Getrinas.
987 4729 992 4738 ·
1101 4708 1223 4768 errauit
1237 4718 1342 4775 error,
1359 4698 1521 4780 quamdiu
1535 4695 1681 4760 tvoercses
1695 4711 1764 4763 nou
1779 4700 1885 4758 44444.
1901 4691 1967 4758 att-

233 4769 301 4854 Jem
317 4771 542 4838 centuriatores
558 4776 588 4838 in
605 4778 738 4856 singulis
753 4782 902 4846 centuriis
912 4784 949 4845 44
963 4782 1055 4847 inem
1101 4803 1183 4866 quoa
1196 4785 1404 4850 Mardandos
1426 4789 1456 4842 ct
1474 4779 1713 4842 tutaminianoc
1726 4775 1902 4840 4444444444
1914 4793 1966 4838 44-

195 4851 226 4914 4.
240 4855 361 4932 capitis,
375 4863 644 4930 annotant‚omnes
658 4859 722 4924 iere
737 4863 880 4928 docteres
895 4865 978 4929 iltius
990 4884 1057 4931 see·
1101 4871 1184 4932 ritas
1199 4867 1402 4948 umectabat.
1422 4864 1553 4926 intereo
1574 4877 1749 4940 perperam
1763 4859 1967 4938 evangeliea·

196 4936 271 5006 culi,
288 4937 432 5008 docuisse
448 4955 485 5034 ea
500 4939 661 5018 dogmate,
679 4961 758 5022 guva
774 4963 831 5008 nos
846 4948 905 5012 boc
921 4956 1058 5028 tempore
1105 4951 1212 5016 batur.
1230 4951 1284 5014 Tot
1296 4949 1404 5013 mittio
1417 4946 1558 5014 urbitium
1570 4957 1744 5024 perperam
1758 4943 1860 5006 tinctu
1874 4949 1934 5006 444.

195 5020 317 5082 tuemur
332 5066 342 5096 ,
359 5038 437 5099 quae
462 5023 522 5101 rosi
539 5040 651 5088 necros
675 5033 849 5094 senatorum
871 5031 992 5094 Petrum
1008 5050 1058 5096 ro·
1145 5035 1229 5097 44444
1242 5034 1281 5096 44
1297 5033 1424 5094 atteram
1440 5033 1553 5107 partem
1571 5034 1602 5088 ut
1615 5027 1810 5099 accedemus,
1824 5025 1967 5104 proemit-

196 5101 317 5162 cantbt
332 5103 817 5181 444444444444444444444444
829 5112 953 5194 tongum
963 5122 1057 5192 esset,
1105 5118 1231 5180 tendum
1247 5121 1305 5190 est,
1319 5115 1350 5176 in
1365 5111 1503 5176 Ecciesie
1519 5111 1641 5189 entique
1660 5111 1730 5174 iiius
1745 5123 1866 5171 errores
1882 5107 1968 5170 bebi·

196 5184 350 5276 annotabo
365 5185 464 5250 sotum
479 5187 582 5269 viique
597 5205 693 5268 peuce
708 5207 745 5255 44
761 5195 793 5256 2.
809 5193 840 5259 3.
854 5195 887 5259 4.
903 5203 935 5260 44
948 5197 1058 5262 iden-
1106 5206 1153 5262 tos
1168 5215 1240 5262 esse
1255 5197 1459 5262 communiter
1472 5193 1511 5258 ab
1527 5191 1671 5256 omuibus
1688 5209 1743 5270 pro
1755 5191 1921 5270 exploratis
1936 5197 1969 5253 et

195 5268 294 5329 44444.
397 5313 400 5322 .
440 5279 474 5314 «¹
920 5313 922 5318 -
1103 5283 1256 5345 damnatis
1272 5277 1520 5356 tirasonensem
1533 5277 1732 5356 ponenturin
1744 5275 1881 5352 couiogo
1894 5273 1966 5336 boe·

237 5343 273 5408 1¹¹
289 5349 424 5443 ⁵0⁰!¹¹¹,d⁰
445 5367 521 5445 ,44444
536 5353 676 5418 centurie
692 5375 760 5438 cap.
777 5358 807 5421 4.
823 5359 884 5422 col.
901 5361 952 5424 49.
969 5361 1008 5425 de
1022 5363 1058 5426 ti·
1104 5381 1206 5430 rasum
1223 5366 1261 5426 ab
1275 5363 1426 5428 Irenaeo.
1444 5359 1650 5437 Hieronymo,
1668 5355 1850 5436 Epiphanio,
1866 5355 1967 5418 Pisita-

197 5427 272 5491 bcro
285 5431 421 5524 arbrtrro,
438 5433 555 5509 dicunt,
571 5436 602 5500 ia
619 5439 658 5500 ab
674 5442 817 5504 omuibus
832 5442 973 5508 Patribus
988 5446 1058 5526 ejus
1104 5449 1195 5520 strio,
1211 5446 1382 5525 Augustino
1396 5492 1403 5514 ,
1420 5441 1635 5512 Tireodoreto,
1652 5439 1862 5510 itemesoeno,
1881 5440 1965 5502 attis·

195 5513 311 5576 seeauit
327 5528 512 5610 conoessum
526 5517 634 5584 tuisse:-
651 5521 785 5598 Eodem,
801 5525 1057 5605 inqutonemoao
1103 5547 1165 5609 gne
1180 5528 1315 5607 probetis
1341 5526 1539 5592 auctoribus:
1556 5523 1628 5584 iiam
1644 5520 1689 5584 ilii
1704 5541 1774 5588 cum
1789 5527 1897 5588 essent
1910 5523 1967 5585 4444

198 5590 340 5693 Glemona
356 5595 494 5691 44444444
506 5599 682 5667 arbitrium
694 5603 815 5687 abiam
826 5611 1058 5690 4444444444·
1104 5613 1201 5674 senui
1218 5618 1248 5672 et
1261 5611 1356 5678 docti,
1373 5622 1541 5689 numquam
1555 5604 1687 5670 tuissent
1700 5606 1967 5687 cumsimpiicitcr

193 5683 310 5754 torcat
323 5695 362 5746 cn
376 5681 535 5760 4444444
559 5685 696 5756 tenebris
710 5733 718 5764 ,
734 5704 805 5755 nan
817 5697 947 5758 tontum
958 5693 1059 5770 444444
1104 5695 1137 5758 44
1152 5695 1324 5775 aetaiogum
1349 5694 1521 5758 haereseon
1546 5687 1661 5754 reterre
1688 5705 1724 5752 ee
1746 5691 1887 5770 dogmate
1902 5735 1913 5766 ,
1928 5691 1966 5753 de
