4086 6296
879 371 980 432 trouu
999 373 1142 434 cunnos
1462 458 1466 469 θ
1765 359 1831 430 ἰιι

1 518 3 529 ’
109 509 255 575 conciliis
270 507 489 591 episcoporum
506 509 644 587 delinita,
661 511 806 586 rerotrat,
822 506 925 570 auide
940 507 980 569 iis
1025 511 1203 572 idumaeum
1213 503 1391 579 Herodem,
1420 501 1584 584 pontitiees
1599 506 1699 566 autem
1717 503 1795 566 nihil
1811 513 1897 584 pote·

1 667 2 678 χ
108 593 237 673 publice
249 591 407 670 disputare
422 600 608 670 praesumat.
1026 596 1104 653 rant.

154 673 374 738 Constantinus
385 675 514 753 ttagnus
528 674 616 736 initio
631 669 893 754 quidemtmpcrti
908 684 979 748 per·
1066 668 1178 741 tertio,
1192 668 1320 730 libertos
1335 667 1482 730 credendi
1510 666 1686 747 perniciosa
1715 672 1764 729 est
1780 715 1787 743 ‚
1805 670 1898 731 etiarn

109 757 198 817 misit
212 755 387 818 libertatem
399 756 560 836 religionis
582 756 727 819 omnibus
745 801 753 828 ‚
780 761 814 817 ut
835 757 918 832 patet
941 765 979 812 ex
1026 750 1189 831 temporati
1205 752 1286 812 bono
1304 765 1482 830 regnorum,
1497 756 1528 811 et
1545 749 1688 828 publicae
1702 749 1781 824 paci,
1799 756 1834 812 ut
1849 769 1900 830 pa·

110 835 243 900 historio
259 837 388 900 Eusebii
402 838 458 900 lib.
477 837 528 901 10.
543 853 613 916 cop.
629 837 660 900 5.
674 843 776 899 tomen
791 839 899 914 postea
913 831 979 913 jus·
1026 842 1069 896 tet
1079 835 1212 914 primum
1229 847 1266 894 ex
1281 829 1428 910 Gregorio
1444 832 1500 894 lib.
1517 831 1547 892 1.
1565 833 1657 911 epist.
1674 831 1725 893 32.
1743 832 1795 895 ubi
1812 835 1897 906 dicit,

111 919 155 979 sit
171 917 273 980 claudi
287 920 400 998 templa
415 919 581 990 idolorum,
604 923 636 982 et
657 919 755 981 sotem
782 915 981 979 cbristienam
1026 915 1151 995 reipub.
1175 914 1275 977 civilis
1291 914 1556 992 incolumitatem,
1585 929 1621 974 eu
1646 913 1804 977 Ecclesiae
1822 931 1919 992 paco.

108 1001 298 1080 religionem
314 1001 431 1080 rigere.
447 1007 484 1068 ιιιΙ
496 1001 624 1080 Optatus
638 1002 732 1063 reiart
752 999 809 1063 tib.
826 999 857 1060 2.
874 1002 981 1061 contro
1025 999 1175 1076 pendere.
1192 995 1311 1058 batnue
1326 995 1457 1069 ratione;
1475 1010 1545 1056 narn
1571 995 1625 1057 nbi
1652 1001 1791 1058 servatur
1819 997 1899 1060 ttdes

108 1081 256 1144 Parmeo.
272 1096 366 1161 quem
380 1083 436 1145 titii
452 1090 524 1146 suut
538 1083 659 1152 imitati,
676 1081 828 1144 Constans
857 1084 888 1141 et
902 1077 980 1140 Gon·
1026 1087 1057 1142 et
1082 1077 1258 1142 obedientia
1276 1079 1350 1150 beo,
1364 1075 1408 1138 ibi
1421 1077 1512 1138 etiam
1528 1083 1668 1138 servatur
1682 1076 1903 1158 principi3nam

109 1161 280 1237 stentious,
294 1169 326 1226 ut
336 1164 527 1242 Augustinus
539 1165 632 1228 relect
643 1163 735 1241 epist.
751 1161 822 1224 too.
836 1166 864 1222 et
883 1158 979 1238 (apud
1025 1161 1104 1223 tides
1120 1162 1186 1239 ipse
1203 1161 1262 1221 boe
1277 1158 1531 1244 docetetexigit.
1548 1158 1625 1222 item
1648 1157 1804 1222 dissensio
1820 1161 1852 1221 in
1866 1159 1901 1221 u-

109 1243 269 1306 Rufflnum
292 1245 348 1306 tib.
373 1245 423 1308 to.
441 1263 510 1324 cap.
540 1245 587 1326 3.)
618 1246 743 1316 exitium
767 1243 902 1304 minatus
928 1244 976 1301 est
1024 1244 1063 1306 de
1080 1246 1158 1322 parit
1182 1242 1354 1302 animorum
1382 1245 1412 1302 et
1440 1240 1630 1301 voluntatum
1654 1240 1893 1304 dissensiones:

111 1325 339 1390 Constantinus
354 1327 393 1388 ils
405 1327 550 1390 omnibus
576 1329 630 1406 qul
652 1343 714 1389 non
744 1323 982 1404 acquiescerent
1024 1341 1117 1388 omne
1146 1330 1247 1386 autem
1276 1337 1407 1401 regnum
1435 1322 1466 1382 in
1496 1321 1635 1399 seipsum
1665 1321 1823 1398 divisum,
1848 1325 1902 1386 dc·

1 1427 3 1503 2
109 1406 572 1472 nicaenicoociliidefinitioni.
1027 1405 1201 1482 solabitur,
1232 1409 1263 1466 et
1294 1403 1482 1482 experientia
1516 1403 1612 1465 nostri
1642 1407 1791 1484 temporis
1823 1407 1902 1470 ardeo

159 1487 218 1562 Qui
233 1489 407 1552 libertatem
424 1490 574 1554 credendi
595 1492 842 1560 concesserunt,
858 1491 922 1549 tres
937 1485 981 1547 in·
1026 1487 1188 1550 manifeste
1201 1487 1260 1549 troo
1275 1485 1420 1560 ostendit,
1451 1491 1484 1547 ut
1508 1483 1619 1549 trustra
1632 1485 1663 1549 id
1679 1487 1810 1566 probare
1826 1490 1901 1552 nita·

111 1569 294 1632 veniuntur.
310 1570 469 1644 tatianus,
486 1573 537 1652 qui
555 1578 708 1634 tamenne
727 1569 899 1632 catholicos
913 1583 983 1628 eum
1026 1585 1106 1632 mur.

110 1651 284 1714 haereticis
301 1653 457 1728 miseeret,
470 1654 604 1733 graviter
625 1651 801 1715 admonitus
816 1655 864 1712 est
878 1666 895 1710 o
910 1665 983 1710 eon·
1067 1649 1322 1725 Querlo‚tibertas
1333 1649 1481 1712 credendi
1495 1649 1668 1729 perniciosa
1686 1656 1735 1712 est
1746 1652 1807 1713 iltis
1819 1653 1897 1732 ipsis

109 1733 189 1794 citio
200 1733 399 1811 autiocheno,
413 1743 445 1797 ut
459 1735 567 1800 scribit
581 1737 725 1798 Socrates
751 1733 808 1794 tib.
835 1731 866 1793 3.
882 1730 982 1808 capita
1025 1733 1140 1812 quibus
1156 1732 1349 1808 conceditur,
1364 1749 1434 1794 nam
1451 1733 1577 1795 libertos
1592 1733 1744 1795 credendi
1760 1735 1836 1796 nitrit
1853 1743 1903 1796 cst

109 1813 170 1876 21.
185 1814 299 1878 taleas
316 1817 482 1896 imperator
496 1817 626 1880 Arianos
650 1815 797 1878 omnibus
818 1811 985 1875 haereticis
1025 1816 1120 1889 atiud,
1135 1829 1225 1894 quam
1242 1814 1369 1878 libertas
1398 1815 1546 1885 errandi,
1564 1820 1595 1876 et
1616 1815 1736 1878 errandi
1765 1816 1795 1877 in
1819 1833 1852 1878 re
1869 1834 1901 1878 ο-

117 1901 152 1956 et
167 1895 301 1959 etbuicis
315 1898 443 1960 tiberem
461 1899 601 1976 permisit
615 1898 811 1976 religionem.
828 1900 862 1957 ut
876 1893 985 1956 scribit
1027 1897 1143 1959 mnium
1161 1896 1511 1975 periculosissimnmam
1525 1897 1602 1959 tides
1615 1913 1683 1960 tero
1701 1914 1762 1960 non
1779 1907 1826 1961 est
1842 1900 1902 1960 nisi

109 1975 342 2054 Tbeodoretus,
360 1980 416 2043 tib.
433 1980 464 2042 1.
478 1997 546 2060 cap.
564 1981 616 2042 22.
633 1980 776 2058 lienique
797 1977 940 2039 tatianus
952 1993 983 2036 a·
1028 1997 1100 2052 una,
1124 1979 1240 2058 Epiros.
1254 1979 1286 2039 1.
1305 1980 1374 2042 tlno
1387 1978 1558 2058 tidesergo
1574 1979 1701 2042 libertos
1716 1980 1755 2041 ab
1771 1979 1825 2041 isla
1838 1997 1901 2043 utcu

1 2083 2 2090 ¹
108 2065 245 2136 posteta,
263 2059 317 2138 qui
329 2060 400 2124 ideo
412 2064 553 2140 permisit
565 2047 751 2134 libertatem,
768 2059 838 2138 quio
850 2059 898 2120 sic
912 2073 983 2136 spe·
1029 2059 1091 2124 fide
1106 2061 1286 2135 recedendi,
1305 2070 1353 2123 est
1367 2063 1494 2123 libertas
1522 2061 1554 2122 in
1581 2077 1719 2124 errorum
1743 2063 1900 2124 baratrum

113 2139 207 2200 rabat
221 2155 318 2217 posse
332 2142 459 2206 interire
476 2146 752 2219 christianismum
776 2141 822 2204 sic
844 2142 926 2202 enim
943 2139 984 2202 ait
1029 2142 1152 2206 ruendi.
1167 2142 1253 2206 Sicut
1267 2159 1340 2221 ergo
1356 2143 1521 2204 salubriter
1547 2158 1608 2205 nou
1637 2144 1823 2222 permittitur
1837 2146 1900 2206 ori-

112 2221 311 2299 Augustluos
326 2224 419 2302 epist.
434 2225 505 2288 too.
521 2229 596 2288 alias
613 2225 853 2293 tibttttiones,
870 2221 983 2300 inquit,
1030 2225 1089 2288 bus
1105 2225 1231 2287 libertas
1246 2225 1373 2303 vagandi
1388 2241 1443 2303 per
1458 2229 1591 2296 montes,
1615 2231 1646 2288 et
1660 2225 1826 2288 salubriter
1842 2243 1903 2288 non

111 2302 258 2365 desertm
286 2303 402 2369 Gbcistc'
422 2312 451 2370 et
465 2308 645 2380 inimices,
669 2305 839 2370 haereticis
855 2302 985 2365 liberto·
1030 2307 1180 2369 liberatur
1202 2306 1427 2386 gubernaculo,
1451 2322 1510 2369 nec
1526 2306 1638 2369 sinitur
1657 2307 1756 2370 libere
1772 2325 1788 2369 a
1804 2309 1905 2386 quoti·

112 2389 181 2446 tem
193 2386 389 2463 perditionis
402 2391 559 2466 perculsit,
587 2395 616 2454 et
631 2394 708 2452 tttmc
734 2387 886 2450 basilicos
909 2384 984 2446 ttae·
1030 2389 1186 2452 betrento
1205 2388 1395 2451 circumferri
1412 2391 1511 2466 navis3
1527 2389 1568 2451 ita
1589 2405 1714 2468 quoque
1737 2390 1904 2454 salubriter

110 2466 226 2528 rectae
249 2469 413 2542 reddidit,
430 2472 566 2550 ᾳοοιιιιο
592 2471 713 2550 templo
738 2467 934 2543 daemoniis
950 2481 987 2528 eo
1031 2487 1092 2532 non
1105 2471 1288 2536 conceditur
1304 2471 1428 2550 populis
1443 2471 1572 2533 libertas
1593 2473 1765 2548 credendi,
1784 2479 1904 2550 postca-

1 2617 2 2624 ,
111 2548 214 2610 modo
234 2554 379 2626 petens,
407 2552 622 2616 christianum
648 2567 770 2616 nomen
792 2549 985 2627 posseperi·
1031 2552 1382 2632 qucrnuniraraettdei
1407 2569 1442 2615 se
1467 2552 1688 2632 adiunxerant.
1716 2555 1901 2636 Argumenta

111 2629 339 2706 redotente,
365 2633 396 2696 st
418 2635 543 2696 emitote·
565 2635 751 2705 Ecclesiae,
775 2633 816 2693 de
840 2647 909 2710 qno
937 2630 986 2691 lo-
1030 2634 1231 2699 sotrenturin
1245 2636 1388 2716 sequenti
1404 2637 1605 2714 quaestione.

107 2725 196 2790 psus
208 2711 328 2787 merce,
349 2715 529 2786 incidemt,
557 2722 588 2779 et
613 2715 791 2794 socritepos
813 2713 987 2776 dissensio·

110 2793 310 2856 mesliberos
324 2809 391 2858 esse
400 2798 609 2875 permitteret.
987 2827 989 2835 >

159 2873 310 2937 Probatur
325 2878 415 2940 tertio
430 2880 615 2942 rationibus.
632 2878 745 2947 Primo.
758 2883 895 2958 potestas
911 2885 987 2940 tem·

111 2955 236 3049 paratis
251 2961 283 3018 et
296 2959 466 3036 spiritualis
478 2962 510 3022 in
526 2961 666 3024 Ecclesia
683 2977 744 3023 non
770 2967 844 3024 sont
858 2977 909 3022 res
924 2961 987 3023 dis·
1356 2999 1476 3064 CAPUT
1492 3001 1561 3064 XIX

111 3043 246 3116 punctae
262 3044 293 3100 et
304 3048 462 3117 soporatae
479 3091 488 3116 ,
505 3049 538 3106 ut
552 3044 615 3106 duo
630 3059 724 3122 regns
752 3043 876 3122 politica
894 3087 902 3116 ,
930 3042 987 3104 sed
1565 3047 1572 3062 '

114 3124 195 3212 suot
207 3119 406 3212 conjunctae,
423 3127 465 3186 ita
480 3129 512 3188 ut
527 3141 625 3188 uuum
651 3141 765 3200 eorpus
790 3125 923 3202 laciant3
940 3125 988 3188 vel

117 3204 470 3280 potansnascbaocnt,
495 3213 657 3287 utcorpns
687 3207 837 3269 etonims
867 3208 899 3268 in
926 3221 989 3269 uno
1416 3263 1448 3277 ..
1496 3262 1503 3277 .
1632 3262 1639 3276 .

116 3281 262 3356 bomine,
279 3287 423 3348 ostentm
438 3294 574 3366 poteslns
586 3289 755 3370 spiritualis
770 3289 857 3367 quasi
873 3289 988 3358 anima,
1136 3263 1207 3328 N⁰²²
1218 3277 1314 3344 P⁰⁸⁸⁰
1329 3263 1503 3327 ⁰⁰²²⁰²lum
1517 3261 1692 3376 2⁰⁵h⁰²²⁰⁰⁸
1705 3276 1780 3326 Μ*

114 3370 152 3456 et
167 3366 346 3459 temporetis
357 3371 445 3446 quasi
461 3387 587 3450 corpus,
615 3377 648 3434 ut
661 3371 869 3434 itarianaenos
897 3371 989 3434 docet
1377 3363 1562 3427 3111111118·

116 3461 153 3505 ιο
169 3453 310 3510 οιιιιοιιο
325 3449 362 3511 ad
375 3453 525 3532 poputum
540 3455 651 3516 timore
679 3453 859 3532 perculsum
877 3498 886 3529 ,
914 3467 989 3528 ergo

1 3541 7 3580 ε
113 3525 216 3588 debet
229 3534 369 3606 poteslas
385 3535 565 3614 temporalis
580 3535 732 3612 spirituali
748 3535 866 3596 servire
883 3579 891 3607 ,
906 3548 989 3596 earn·

112 3624 181 3686 que
196 3609 235 3670 ab
254 3610 397 3676 hostibus
411 3616 478 3678 suis
493 3623 659 3696 protegere
688 3634 725 3679 se
753 3615 935 3689 detondere,
953 3631 989 3677 ac
1073 3607 1195 3670 Tertius
1209 3623 1295 3671 error
1309 3612 1358 3670 est
1372 3607 1494 3686 Georgii
1512 3605 1677 3668 Cassandri
1703 3603 1735 3666 in
1758 3605 1839 3667 libro
1861 3607 1901 3668 de
1964 3666 1967 3672 .

1 3738 3 3750 .
113 3687 167 3766 (ut
181 3689 215 3752 b.
231 3690 399 3772 Gregorius
414 3695 466 3771 ait,
490 3697 546 3760 lib.
569 3699 601 3760 2.
623 3698 716 3775 epist.
743 3697 812 3772 ot.)
826 3703 986 3760 terrenum
1032 3688 1134 3752 otllcio
1150 3689 1191 3769 pii
1207 3691 1274 3766 riri,
1291 3690 1345 3752 ubi
1358 3689 1470 3763 docet,
1495 3689 1612 3751 debere
1643 3685 1802 3766 principes
1818 3688 1903 3750 inro-

115 3785 253 3851 regnum
269 3775 400 3839 coelesti
422 3778 585 3856 tumulori;
609 3780 665 3842 sed
682 3778 840 3840 Ecclesiae
856 3779 989 3841 exitialis
1032 3771 1100 3834 nire
1114 3771 1265 3833 cntionem
1279 3771 1459 3850 pocisintcr
1474 3768 1660 3846 Calacticus,
1683 3767 1877 3832 bulberanos
1894 3787 1905 3846 ,⁴

1 3900 6 3915 .
116 3855 419 3936 estnaecttbartcs3
436 3875 505 3922 nam
521 3861 680 3922 vincutum
707 3860 868 3923 Ecclesiae
895 3865 987 3922 esto·
1033 3851 1217 3916 cntctntscas
1231 3860 1292 3916 eto.
1306 3853 1366 3916 Sed
1384 3853 1507 3913 interim
1523 3852 1596 3913 uam
1623 3866 1686 3913 oon
1714 3851 1902 3927 inveniunt.

119 3935 196 3997 nius
211 3935 285 4000 fidei
301 3939 480 4017 confessio,
505 3942 545 4004 ad
560 3941 679 4021 Epiros.
698 3942 730 4004 1.
757 3941 828 4005 timo
850 3940 942 4020 fictos.
958 3948 990 4004 et
1033 3934 1150 3998 debere
1162 3936 1339 4013 permittere
1352 3935 1520 4012 unicuique
1536 3949 1622 3996 suam
1637 3931 1743 4008 tidem,
1763 3933 1854 3996 modo
1868 3945 1901 3994 o'·

120 4015 198 4078 ideo
212 4015 369 4083 dissensio
384 4022 415 4083 in
430 4021 504 4092 fide,
520 4023 681 4087 Ecclesiae
699 4071 707 4096 ,
737 4029 786 4086 est
810 4022 987 4086 dissolutio.
1033 4016 1288 4095 mnesrecipiant
1301 4016 1489 4094 scripturam
1506 4021 1536 4078 el
1557 4014 1734 4094 symbolum
1757 4016 1906 4094 apostoti-

117 4095 244 4160 Debent
259 4101 352 4178 igilur
363 4102 523 4182 principes
535 4105 616 4167 banc
629 4106 805 4168 libertatem
822 4106 909 4168 nulto
924 4121 988 4169 mo·
1033 4115 1116 4160 111111.
1135 4098 1488 4161 8111111111111118111111
1503 4111 1572 4158 111111
1591 4096 1749 4160 Ecclesiae
1766 4097 1904 4159 metiibra

1 4203 3 4220 >
115 4178 161 4240 do
177 4185 369 4257 permittere,
387 4185 414 4245 si
427 4185 513 4266 longi
528 4201 659 4250 munere
674 4203 732 4250 suo
745 4188 862 4250 rotunt.
1033 4180 1106 4242 ticet
1121 4179 1152 4243 in
1168 4180 1409 4259 particularibus
1424 4178 1622 4255 dogmatibus
1637 4176 1834 4240 dissentiunt.
1858 4177 1905 4240 si·

161 4260 318 4338 Secundo,
337 4265 461 4345 quando
474 4269 554 4346 apud
568 4269 706 4333 iudaeos
719 4285 791 4332 vem
807 4267 917 4348 religio
934 4269 989 4330 tto-
1035 4262 1117 4324 mitio
1132 4263 1308 4326 docuerunt
1319 4261 1391 4323 olim
1405 4259 1616 4339 pacittcantas
1635 4265 1761 4321 auctore
1777 4259 1902 4323 zenone

116 4340 220 4413 rebat,
236 4360 299 4406 nou
314 4353 458 4425 poterent
487 4364 578 4429 reges
607 4349 786 4430 permittere
817 4350 990 4413 libertatern
1033 4343 1284 4422 imperatoreos
1300 4342 1685 4424 quarerideEragrium,
1708 4341 1765 4402 lib.
1782 4343 1813 4403 3.
1831 4358 1901 4420 οιρ.

117 4423 296 4502 religionis,
313 4443 388 4508 orgo
413 4431 509 4494 mutto
539 4431 644 4494 minos
668 4433 785 4495 debent
812 4433 990 4511 permittere
1035 4425 1085 4487 11.
1103 4431 1133 4488 et
1155 4427 1207 4490 30.
1225 4427 1300 4489 ttern
1317 4426 1452 4505 npettcs,
1470 4425 1525 4503 qui
1552 4423 1634 4502 spud
1661 4423 1830 4485 Eusebium
1847 4424 1903 4486 tib.

116 4518 214 4584 roges
228 4506 400 4586 cbristiani3
414 4525 477 4574 non
500 4514 582 4576 enirn
600 4514 703 4579 minus
731 4513 869 4576 ordinata
896 4513 992 4576 debet
1034 4507 1065 4570 5.
1078 4508 1152 4570 bist.
1170 4523 1239 4585 cap.
1256 4507 1306 4570 13.
1320 4507 1465 4576 dicabat,
1482 4521 1545 4568 non
1576 4520 1647 4568 essa
1677 4504 1906 4567 discutiendnm

121 4595 199 4648 esso
220 4587 373 4664 Ecclesia,
390 4608 482 4669 oucro
497 4595 591 4657 luerit
603 4611 771 4675 synagoga.
796 4595 991 4658 antecedens
1034 4589 1185 4652 rationem
1201 4590 1287 4662 fidei,
1304 4589 1361 4652 sod
1377 4594 1506 4651 sotesse
1518 4589 1648 4650 eredere
1661 4586 1692 4647 in
1708 4586 1903 4649 crucittrum.

117 4674 206 4745 patet
221 4671 344 4735 tleuter.
366 4674 416 4750 lt,
433 4676 485 4737 ubi
499 4691 536 4738 ex
551 4678 706 4739 sententia
730 4675 846 4757 iudicis
872 4675 990 4755 politici
1034 4672 1091 4734 ttic
1103 4677 1151 4734 est
1161 4671 1343 4734 manifestus
1355 4686 1452 4744 error,
1465 4675 1496 4731 et
1517 4668 1851 4748 contraeumscripsit
1867 4683 1906 4731 er

116 4749 398 4831 jubentnroeoidi,
422 4759 475 4835 qui
500 4771 564 4821 noo
580 4758 733 4824 obediunt
760 4756 927 4821 sacerdoti.
953 4758 991 4820 Et
1035 4751 1726 4827 calboticisdootoribusloannes-abotanio,
1742 4752 1906 4813 euboeae·

119 4848 193 4910 cap.
209 4832 259 4896 ts.
271 4837 564 4917 pseudoprophetae
579 4839 722 4903 similiter
733 4839 929 4902 exterminari
942 4841 990 4914 iu·
1035 4835 1106 4899 licis
1117 4835 1254 4898 loannes
1271 4836 1428 4899 Gatrinus.

117 4913 248 4992 beatum
273 4916 395 4981 elidem
412 4926 496 4997 potet
511 4923 676 5002 erarnptis,
693 4937 773 4997 uuae
788 4919 877 4983 altert
891 4921 991 5001 dugu-
1078 4917 1181 4980 Potest
1196 4923 1297 4981 autem
1314 4917 1405 4980 tacite
1430 4914 1530 4978 retolli
1554 4915 1632 4976 baec
1661 4912 1907 4993 scrutentia3p'rl·

1 5059 2 5066 ,
118 4995 197 5057 stin.
214 4997 355 5076 epistde
370 4999 515 5074 Eeeobia,
532 5001 787 5078 tosapbot,tosia,
801 5008 832 5064 ct
846 5003 915 5065 otiis
930 5004 991 5082 piis
1037 5015 1120 5060 mum
1138 5000 1233 5071 enim,
1259 5017 1321 5062 non
1338 5002 1469 5078 possunt
1498 4995 1659 5068 Gatbotici,
1683 4994 1848 5058 Eutherani
1877 5001 1909 5058 et

117 5077 273 5156 regibus,
291 5080 342 5157 oui
359 5081 561 5145 destruebant
588 5086 699 5157 tucos,
716 5089 746 5148 et
764 5085 876 5161 tempto
892 5083 997 5146 idolo·
1038 5080 1222 5146 Galrinisloo
1238 5098 1275 5144 eo
1291 5078 1568 5152 modoconciliari3
1593 5091 1663 5138 nent
1688 5076 1724 5138 in
1743 5077 1813 5156 ipso
1825 5093 1907 5158 sym·

117 5173 203 5232 rum,
219 5166 251 5223 et
262 5177 370 5225 serere
382 5163 552 5240 puniebant
567 5165 724 5244 idolatras,
742 5175 773 5227 et
788 5167 939 5243 poputum
952 5165 990 5227 ad
1037 5163 1110 5224 boto
1126 5179 1188 5226 non
1201 5164 1415 5228 convenimus.
1429 5159 1563 5236 exempti
1579 5159 1675 5239 gratio
1692 5175 1774 5236 ,per
1799 5162 1910 5222 articu-

119 5239 240 5302 cultum
256 5245 318 5304 cori
334 5245 388 5306 bei
404 5247 644 5323 compellebant.
662 5247 748 5321 Quod
772 5253 872 5310 nutem
899 5249 994 5325 paulo
1039 5245 1115 5306 tum:
1132 5245 1305 5308 Descendit
1315 5245 1360 5306 od
1372 5243 1508 5319 inferos,
1526 5240 1738 5303 diversissima
1762 5241 1908 5323 intelligi·

1 5386 6 5402 ¹
119 5328 194 5386 ante
207 5322 318 5391 Gbristi
333 5331 472 5404 temporo
484 5330 645 5408 coeperint
659 5329 794 5410 permitti
808 5329 908 5392 varioe
920 5329 994 5391 bae·
1039 5343 1121 5403 mus3
1136 5343 1193 5389 nos
1206 5327 1289 5388 enim
1305 5323 1477 5398 credimus,
1493 5321 1605 5384 Gbristi
1619 5323 1753 5385 animam
1770 5341 1786 5385 ι
1802 5342 1912 5404 corpo·

118 5418 222 5476 reses.
235 5423 272 5469 ac
286 5409 454 5488 praecipue
469 5409 718 5474 Sadducaeorum
734 5457 742 5486 ,
767 5411 819 5490 qui
838 5411 992 5490 negabant
1037 5425 1071 5471 re
1083 5405 1445 5488 separatamsecundnm
1461 5405 1667 5467 substantiam
1679 5422 1766 5468 susm
1778 5406 1911 5469 descen·

1 5470 3 5515 5
118 5489 410 5566 resurrectionem,
435 5507 496 5554 noa
520 5498 569 5554 est
597 5492 731 5564 mirum,
760 5493 830 5572 quia
860 5507 991 5570 synago·
1038 5490 1124 5554 disse
1139 5491 1176 5552 ad
1194 5489 1323 5552 limbum
1340 5487 1713 5563 Patrom3traeretieorum
1737 5489 1788 5550 atii
1805 5489 1912 5550 volarat

117 5575 260 5643 galune
296 5571 335 5632 ad
373 5571 529 5636 interilum
562 5574 810 5655 propinquabat,
847 5589 907 5637 nec
939 5575 990 5636 ba·
1039 5572 1244 5636 descendisse
1261 5569 1465 5633 Gbristumad
1483 5569 1612 5643 interos,
1629 5570 1708 5632 nibil
1725 5587 1797 5632 esse
1813 5569 1909 5644 aticrd,

0 5701 5 5720 ,
116 5647 216 5713 bebat
237 5667 344 5734 regem
359 5665 432 5720 rere
443 5653 604 5736 judaeum,
631 5657 685 5736 qui
700 5656 758 5720 iste
773 5663 919 5732 curaret,
937 5657 993 5721 ssd
1041 5671 1133 5732 quarn
1144 5655 1303 5736 sepultum
1316 5653 1413 5716 luisse
1428 5671 1436 5732 3
1460 5653 1510 5714 elii
1525 5667 1651 5732 possum
1667 5653 1792 5717 dotores
1814 5653 1909 5715 inter·
