4080 6306
765 337 767 340 ⁵
802 382 899 444 ursan
916 383 1091 445 ambobus
1703 389 1757 448 aas
1861 425 1863 431 .
1983 419 1986 429 .

60 541 134 590 rum
150 519 275 604 quando
298 518 449 600 placuerit
468 519 543 584 boo.
561 517 694 595 Quinto,
711 518 923 596 operabam,
970 535 1008 580 nu
1021 517 1146 582 artat.
1160 523 1191 582 et
1205 518 1365 584 danteseia
1379 518 1678 601 Wirlembcrgonsis,
1704 537 1771 602 cap.
1788 522 1827 584 de

58 624 145 689 quae
157 613 263 668 tamen
278 602 392 680 maj0ru
406 604 488 667 bona
501 601 686 683 impediunt.
703 607 736 664 ut
750 599 859 680 siquis
875 616 926 664 ru·
970 601 1049 664 rotis
1065 601 1265 666 monasticis,
1404 603 1406 606 ’

59 696 132 756 neat
146 705 181 752 se
196 687 359 750 ducturum
384 701 524 750 uxoreae
539 685 725 763 Quamquam
751 683 809 746 boc
824 683 925 762 ipsum
1008 682 1119 746 Petrus
1134 683 1285 766 llartprin
1300 685 1356 750 lib.
1370 684 1409 748 de
1422 685 1576 752 coelibatu
1587 692 1619 751 et
1629 687 1707 750 ratis
1722 701 1828 750 mona·

2 792 6 811 ¹
60 781 149 838 cerlo
163 778 315 849 tempore,
331 785 367 831 ac
381 775 484 832 cartae
498 781 649 848 personae
666 772 767 846 potest
780 781 849 830 esse
862 781 927 830 me·
970 765 1068 836 sticis,
1082 767 1148 830 duo·
1159 767 1234 830 dioil
1247 768 1416 848 pugnantia
1428 785 1498 832 oum
1511 769 1646 834 doctrina
1658 769 1782 836 Lulbcri
1798 775 1831 836 et

59 857 127 920 lius
140 855 266 928 lacera,
282 867 372 931 quam
384 853 538 914 omittere:
556 849 685 930 proinde
700 855 764 910 tum
779 849 837 914 erit
851 850 934 928 legi:
973 845 1100 910 calciat
1116 849 1248 912 Primum
1264 856 1322 923 cst,
1333 856 1401 912 rota
1412 851 1444 914 in
1457 851 1651 916 Testamenta
1665 854 1759 916 reteri
1775 850 1828 916 lc·

59 941 137 1002 tima
162 937 223 999 ruli
247 934 395 1009 materia,
417 934 477 996 etsi
500 933 641 996 absoluta
666 939 770 995 contra
782 932 926 1013 iudicau-
970 930 996 992 ri
1013 932 1201 1010 potuissent
1214 933 1307 996 ctiam
1322 930 1472 996 sacrificia
1489 941 1521 996 ol
1534 936 1745 1002 caeremonias
1760 950 1829 998 cae·

0 1029 1 1032 ’
60 1021 206 1086 dumsit.
334 1025 337 1032 '
604 1051 608 1060 ν
972 1013 1829 1096 teras3innorotestaruaotobortcomposueramsiut

102 1104 170 1168 beo
182 1101 273 1165 Facta
287 1099 411 1172 dicitur,
427 1103 460 1160 ut
473 1094 700 1177 intelligamus,
715 1099 783 1160 rota
799 1095 924 1160 differre
971 1095 1114 1175 abrogata
1131 1113 1200 1162 oum
1226 1096 1357 1177 reliquis
1382 1097 1515 1178 judaicis
1531 1101 1747 1164 caeremoniis.
1774 1101 1828 1164 Se·

59 1203 78 1250 a
91 1184 289 1264 iuramentis,
302 1183 374 1246 licet
388 1188 516 1260 utraque
531 1181 594 1242 sint
608 1187 695 1242 actus
706 1178 878 1258 religionis,
897 1185 929 1243 et
972 1179 1107 1242 cundum
1123 1185 1181 1254 est,
1198 1179 1448 1259 promissionem,
1472 1198 1551 1259 uuae
1564 1183 1598 1246 flt
1612 1184 1644 1246 in
1659 1184 1825 1262 baptismo,

58 1272 92 1333 in
112 1269 238 1332 materia
252 1266 317 1328 lare
328 1264 523 1340 conveniant,
536 1269 603 1326 aula
616 1263 698 1326 enim
709 1259 787 1324 dunt
801 1260 928 1342 liedju·
972 1277 1034 1323 non
1050 1275 1122 1324 essa
1136 1267 1239 1327 nomm
1255 1281 1265 1340 3
1290 1263 1324 1326 in
1340 1263 1428 1326 tertio
1442 1263 1525 1326 dicto
1538 1299 1539 1304 =
1553 1281 1623 1330 cum
1648 1266 1780 1330 botbern
1796 1269 1826 1328 et

1 1355 3 1434 ζ
58 1359 203 1417 ramenta
217 1348 394 1412 bominibus
405 1361 460 1426 pcr
471 1345 582 1410 baum.
598 1345 660 1418 lico
673 1350 776 1406 autem
790 1343 864 1408 bino
878 1361 929 1408 an·
973 1342 1097 1407 Calvino
1109 1346 1285 1409 concordat.
1484 1363 1486 1370 ·

1 1437 3 1465 ι
59 1436 233 1498 cluduntur
244 1436 323 1504 vola,
340 1445 417 1509 quae
432 1429 509 1492 liunt
523 1428 724 1504 sanclismam
740 1426 787 1490 vel
803 1443 838 1490 aa
854 1433 927 1490 sunt
994 1463 995 1466 =

1 1525 2 1534 ’
58 1523 133 1582 nota
150 1513 423 1587 materialiter,aun
440 1509 653 1585 lormalitor,ut
667 1510 922 1588 quidamdoacnt,
1471 1511 1479 1532 ⁰

60 1603 118 1681 qui
137 1598 312 1663 existimant
326 1595 358 1658 iu
373 1593 450 1658 rotis
465 1600 640 1658 sauctorum
657 1591 733 1656 duas
759 1606 831 1656 esse
859 1607 932 1671 pro·
1301 1589 1418 1660 eleut
1433 1593 1512 1656 xlll.

1 1705 2 1716 ¹
61 1671 251 1757 missiones,
266 1695 359 1742 unam
374 1678 502 1750 sanctis,
518 1673 763 1757 quibus-aliquid
779 1674 927 1754 promitti-

1 1777 2 1784 ¹
63 1773 130 1843 lur;
146 1760 362 1833 alterambeo,
392 1762 441 1823 oui
457 1758 642 1839 promittitur
662 1755 840 1834 adimpletio
861 1773 931 1835 pro·

1 1859 2 1884 ¹
60 1845 228 1912 missionis
236 1844 334 1908 laetae
349 1843 511 1918 sanctis,et
525 1842 604 1904 bano
618 1839 716 1923 solam
737 1839 861 1919 proprie
876 1855 927 1902 ro·

60 1939 131 1994 tum
148 1943 222 1992 esse
237 1928 356 2002 dicunt,
368 1927 415 1988 rel
432 1923 529 2006 (quod
544 1925 648 2012 verius
661 1926 748 2002 putu)
763 1929 832 1985 rota
851 1922 931 1986 dunt
1683 1948 1685 1956 ›

1 2025 2 2028 ’
61 2029 138 2076 rere
154 2011 283 2084 sanctis,
298 2009 354 2071 sed
367 2015 399 2070 ut
412 2008 510 2082 sancti
526 2006 713 2079 suut,·idosl,
729 2010 763 2067 ut
777 2006 930 2068 excellen-
1014 2000 1050 2064 Ut
1064 2001 1157 2082 igitur
1171 2002 1209 2066 ad
1224 2001 1448 2082 disputationes
1462 2001 1736 2079 reniamusstaluo
1750 2003 1833 2074 bano

1 2121 2 2124 ¹
61 2095 187 2160 tissime
203 2093 295 2174 moda
310 2091 493 2174 participant
506 2088 562 2152 bei
577 2095 713 2162 naturam
729 2093 760 2149 et
773 2090 902 2168 gloriam
920 2135 930 2164 ,
974 2085 1228 2164 propositionem:
1247 2083 1445 2166 danencurt
1457 2082 1640 2164 fitecuoto,
1656 2087 1785 2172 attenua·
1798 2105 1834 2152 o·

64 2180 106 2242 de
119 2195 180 2258 qua
195 2192 230 2239 ro
240 2175 467 2254 disputavimus
478 2172 512 2248 in
526 2171 658 2236 lib.d.de
671 2169 815 2234 Ecclesia
826 2170 931 2234 trium·
974 2165 1078 2248 tuqui
1089 2183 1159 2232 non
1171 2169 1246 2232 situ
1260 2169 1322 2233 lico
1332 2173 1551 2248 praeceptum,
1570 2185 1643 2234 aare
1664 2171 1836 2250 ctpraprtc

68 2259 275 2343 pbanlecap.
293 2257 344 2320 lli.
658 2254 665 2268 '
772 2281 773 2286 ι
974 2251 1135 2314 catamitos
1149 2249 1316 2314 timbron
1337 2250 1508 2332 propositio
1533 2258 1701 2317 estuantra
1724 2253 1836 2316 bulbe-

107 2343 257 2406 Addimus
269 2341 388 2403 ultimo:
399 2335 509 2400 bibam
530 2335 698 2424 uoluntate,
711 2339 745 2397 ut
758 2334 929 2415 distingua-
972 2347 1042 2394 rum
1057 2339 1089 2395 et
1110 2333 1279 2408 Caluinum,
1296 2334 1350 2412 oui
1371 2341 1440 2398 rota
1466 2333 1505 2396 de
1521 2334 1616 2398 rebus
1628 2351 1690 2397 non
1706 2350 1836 2414 praece·

62 2433 116 2490 tur
130 2432 235 2486 volum
257 2425 359 2503 clepo
373 2419 549 2497 cummuni3
578 2425 681 2482 ratum
710 2417 793 2493 euim
818 2425 866 2480 est
882 2421 931 2482 las
974 2414 1047 2494 ptis,
1064 2415 1178 2478 docent
1191 2432 1253 2479 noo
1269 2431 1362 2494 posse
1376 2415 1444 2480 fleri
1459 2416 1497 2480 ad
1514 2417 1679 2481 colendum
1708 2417 1806 2490 Duum
1824 2436 1835 2494 3

62 2509 220 2588 quaedam
236 2506 362 2586 privata,
376 2510 407 2566 el
428 2501 546 2583 obligat
571 2516 657 2564 more
684 2500 776 2580 lepis,
807 2500 863 2564 scd
879 2502 930 2564 lex
974 2495 1062 2577 quusi
1077 2498 1179 2578 aliqua
1192 2513 1264 2564 osse
1276 2501 1397 2578 possint
1412 2515 1482 2562 rora
1497 2504 1565 2562 rota
1577 2546 1588 2573 ,
1601 2516 1680 2581 quae
1695 2513 1758 2574 aaa
1774 2501 1837 2564 sint

61 2591 243 2655 communis
257 2587 373 2666 obligat
388 2586 479 2650 eliam
494 2585 651 2648 nolentem
677 2587 708 2646 et
723 2583 862 2660 intitum3
879 2599 931 2646 ro·
974 2579 1075 2642 cullas
1088 2579 1155 2644 bel.
1173 2580 1273 2646 Probo
1288 2581 1381 2662 igitur
1392 2581 1522 2660 positam
1535 2583 1753 2660 assertionem.

62 2682 132 2738 tum
149 2679 251 2736 autem
263 2672 383 2742 estlear,
399 2685 492 2748 ouum
507 2665 640 2746 nosipsi
655 2665 746 2728 nubis
775 2665 904 2730 terimus
920 2711 929 2742 ,
1017 2662 1128 2738 Prima,
1144 2679 1253 2727 rovere
1267 2661 1314 2728 est
1329 2670 1415 2730 aolus
1433 2664 1616 2742 roligionis,
1632 2681 1705 2744 ergo
1721 2669 1753 2727 et
1766 2665 1837 2739 red·

63 2765 96 2820 et
113 2755 249 2836 proinde
262 2768 324 2817 nun
340 2751 468 2832 obligat,
486 2748 547 2814 nisi
571 2763 655 2824 eum,
686 2748 738 2828 qui
753 2753 864 2842 sponte
879 2765 931 2812 no·
973 2741 1048 2808 dere
1061 2745 1127 2809 sive
1143 2746 1389 2825 implora‘notum
1406 2752 1454 2812 est
1468 2753 1556 2812 actus
1579 2747 1750 2826 religionis,
1768 2748 1836 2810 sire

60 2847 131 2902 tum
150 2839 269 2912 lecerit,
283 2842 313 2898 et
327 2836 411 2898 binc·
425 2849 488 2897 nun
516 2833 669 2895 habentur
695 2835 757 2894 ratu
773 2837 839 2894 rota
854 2829 931 2894 iacta
973 2825 1079 2890 balde
1096 2845 1129 2891 ra
1144 2837 1322 2908 praecepta,
1337 2827 1403 2893 sire
1415 2845 1476 2891 non
1493 2835 1670 2909 praecepta.
1685 2829 1835 2892 Probatur

60 2929 137 2986 ante
153 2937 245 2984 usum
261 2917 401 2992 rationis,
417 2932 477 2979 uae
489 2931 537 2991 ea,
553 2931 633 2995 quae
648 2919 773 2993 propter
786 2913 931 3006 ignprau·
974 2883 1163 2974 antecedens
1175 2927 1212 2976 ex
1224 2911 1277 2974 illo
1288 2911 1388 2976 Isaiae
1401 2911 1496 2976 lida
1508 2912 1566 2978 illu
1582 2913 1635 2976 dte
1646 2917 1838 2992 capnoacent

58 3007 150 3082 dam,
168 3008 350 3068 autmclum
363 2997 759 3064 censeaturinnoluntaria.
801 2999 820 3062 ,·
973 2990 1322 3074 Aeppptiiboanimtm,
1339 2999 1369 3056 cl
1383 2995 1487 3058 colent
1512 3011 1586 3058 com
1606 2997 1645 3058 in
1672 2995 1838 3059 destituet
1879 3011 1880 3016 ¹

1059 1791 1156 1856 duone
1170 1793 1259 1876 qnod
1272 1789 1454 1872 dionanto,
1472 1809 1538 1859 esec
1553 1795 1675 1859 cultura
1687 1792 1756 1858 bei.
1813 1830 1815 1835 ·
1833 1887 1835 1898 ⁴

972 3076 1470 3156 monmorenciacensem
1485 3077 1717 3154 etsotucol.llbi
1734 3082 1837 3156 poste·
1952 3104 1954 3108 ·

971 3157 1051 3222 riura
1068 3165 1141 3222 sunt
1162 3159 1384 3240 explicationes
1398 3159 1547 3241 priorum,
1571 3167 1638 3228 tota
1668 3161 1753 3254 cuim
1768 3175 1837 3222 mu-

397 3275 515 3370 ctam
529 3301 593 3366 xv.
794 3298 852 3400 :2
877 3265 891 3286 “’
974 3241 1839 3400 lidiiltidlitttlrlltllitali,bilibit

701 3431 706 3440 ,
977 3407 1095 3504 cultum
1109 3406 1178 3504 liei,
1188 3406 1273 3485 juria
1289 3407 1365 3505 illud
1384 3409 1496 3502 beuter
1513 3408 1562 3470 12.
1582 3405 1748 3487 Quidquid
1761 3423 1838 3503 sno·

234 3549 768 3634 marcommannas·
976 3487 1839 3654 ltlttttflllldtttllttlbldllllll:

977 3653 1038 3716 nis.
1055 3653 1205 3717 Probatur
1214 3659 1278 3732 jam
1299 3655 1542 3734 consequentia,
1565 3671 1637 3716 nara
1655 3656 1837 3733 promittere

267 3787 269 3792 ,
685 3775 688 3784 ·
790 3769 792 3774 ,
827 3767 831 3774 ·
978 3736 1839 3816 elsulvcre.adeamdemvirtulempertiacnl3sedper

108 3825 179 3887 lam
194 3835 279 3894 acro,
292 3819 471 3882 utbreviter
483 3815 688 3896 explicemus,
705 3812 819 3894 quibus
831 3812 870 3876 in
885 3829 934 3876 re·
978 3817 1021 3888 id.
1036 3818 1120 3898 quud
1142 3818 1177 3880 tlt
1189 3834 1227 3882 ar
1241 3826 1321 3896 vato,
1344 3819 1464 3884 etiamsi
1477 3825 1766 3900 nunpruccopturu,
1782 3819 1838 3882 im.

66 3907 130 3972 bus
141 3907 182 3968 ab
197 3902 380 3968 adversariis
393 3901 623 3968 dissentiamus.
636 3897 760 3962 bulberi
776 3901 807 3960 et
821 3893 936 3990 dalrici
979 3901 1082 3982 pletnr
1094 3908 1210 3966 rutum:
1225 3917 1299 3982 erga
1311 3918 1367 3982 per
1381 3903 1410 3964 id
1424 3903 1534 3966 colitur
1548 3901 1645 3966 Deus.
1819 3929 1822 3934 ·

67 3988 227 4054 sententia
243 3987 351 4049 eadam
367 3999 438 4048 esse
452 3983 595 4060 ridetur3
625 3987 755 4060 uterquc
781 3993 863 4041 emm
880 3979 934 4042 triu
1022 3984 1179 4056 Secundo,
1192 4000 1285 4050 omne
1299 3991 1401 4048 nolum
1417 3990 1465 4049 est
1479 3985 1643 4064 promissio
1658 3983 1722 4047 lieu
1733 3983 1810 4046 lactu
1829 4028 1838 4058 ,

66 4072 225 4154 quaedam
237 4069 276 4132 dc
288 4067 478 4146 totisduoet,
495 4065 708 4137 Primnmnota
721 4061 758 4124 ad
771 4059 935 4126 colendum
980 4071 1014 4130 ul
1028 4065 1120 4130 ctiam
1136 4064 1280 4132 Calvinus
1294 4066 1386 4136 docet
1400 4067 1487 4131 initio
1512 4083 1580 4146 cap.
1599 4065 1649 4129 ll.
1673 4065 1729 4129 lib.
1745 4067 1776 4128 l.
1789 4065 1841 4129 ln·

66 4157 172 4220 boum
186 4167 250 4217 nou
265 4165 359 4231 posse
375 4149 454 4221 llari,
478 4148 538 4212 nisi
566 4147 608 4211 de
633 4147 728 4210 rebus
750 4146 934 4224 praeceptis,
981 4147 1045 4211 stit.
1058 4164 1132 4229 ergo
1147 4155 1250 4211 votum
1263 4149 1651 4230 quodcumqucimptcrc,
1682 4155 1731 4212 est
1746 4148 1839 4212 iidem

66 4238 204 4320 proinde
217 4251 311 4298 unum
328 4248 400 4308 essa
415 4235 696 4319 communetotum
712 4227 936 4307 bdeliumpro-
981 4231 1045 4296 ileo
1061 4245 1199 4308 serraru;
1214 4239 1245 4294 at
1259 4247 1382 4298 scruaro
1397 4229 1461 4296 beo
1475 4230 1583 4302 iidem,
1596 4237 1645 4294 ost
1668 4229 1764 4295 ileum
1780 4231 1837 4293 im·

67 4321 257 4386 missionem
270 4315 368 4389 illam,
386 4330 476 4394 quam
495 4315 624 4378 iacimus
639 4312 671 4374 in
686 4311 852 4390 baptismo.
980 4313 1114 4376 mediate
1126 4315 1230 4378 colere
1245 4321 1276 4379 et
1289 4316 1536 4392 bonorare3sicut
1548 4330 1565 4378 e
1578 4313 1731 4377 contrariu
1746 4311 1839 4376 iidem

110 4401 305 4473 Secundum,
321 4405 389 4462 notu
405 4398 554 4476 derebus
573 4395 668 4458 abac
684 4409 746 4457 nou
761 4392 935 4472 praeceptis
981 4397 1012 4460 ei
1026 4393 1088 4460 uon
1103 4411 1238 4471 serrare,
1254 4406 1304 4460 ost
1328 4399 1471 4478 injuriam
1495 4397 1538 4460 illi
1564 4396 1678 4460 lacere:
1696 4412 1770 4477 erpo
1785 4413 1838 4462 cu·

68 4501 170 4568 posse
181 4482 263 4558 lieri,
278 4483 305 4544 si
322 4497 385 4544 nuo
406 4481 445 4544 ad
460 4479 625 4544 colendum
640 4475 806 4549 deomant
819 4473 937 4556 salisia·
979 4478 1110 4559 jnslibet
1123 4479 1184 4542 ruti
1196 4479 1334 4559 impletio
1350 4481 1451 4545 cultus
1463 4479 1517 4544 bel
1531 4486 1589 4544 est.

68 4567 221 4634 alendum
235 4564 452 4646 propinastis,
469 4564 525 4628 ced
540 4562 577 4626 ad
593 4559 715 4640 negotia
739 4557 835 4638 buius
859 4557 937 4624 ritae
1022 4561 1134 4638 lertio,
1150 4578 1242 4630 omne
1254 4563 1463 4644 juramentum
1478 4569 1527 4632 est
1540 4562 1643 4626 cultus
1657 4560 1724 4638 bei,
1735 4560 1842 4624 eliam-

69 4651 254 4731 expeditius
269 4648 458 4726 peragenda,
472 4652 526 4712 aut
539 4645 578 4707 ad
593 4641 712 4712 uitanda
735 4646 871 4719 peecata,
888 4646 940 4704 ant
982 4642 1007 4706 si
1023 4641 1075 4705 dat
1099 4645 1138 4706 de
1153 4659 1187 4706 re
1207 4661 1270 4707 non
1285 4652 1447 4726 praecepta
1463 4664 1472 4724 ;
1489 4651 1541 4720 ut,
1558 4646 1586 4708 si
1601 4646 1671 4722 quis
1682 4644 1766 4725 juret
1780 4689 1788 4716 ,
1803 4659 1840 4710 so

68 4735 106 4798 ad
120 4733 202 4798 alios
212 4731 315 4795 bunos
328 4727 407 4793 lines
421 4726 641 4805 donlrcrempli
651 4739 758 4787 mussa
769 4723 861 4786 docet
871 4720 936 4786 Cal·
982 4741 1045 4790 non
1058 4725 1226 4790 bibiturum
1241 4729 1394 4802 ainumml
1407 4727 1548 4795 Calvinus
1563 4726 1631 4807 ipso
1643 4725 1770 4790 alllrmut
1784 4725 1840 4789 lib.

67 4819 178 4892 rinus,
195 4829 279 4887 oum,
296 4811 349 4890 qul
364 4827 458 4892 saepe
473 4813 504 4874 ln
519 4811 626 4872 titium
640 4805 799 4870 ebrietatis
810 4803 934 4881 labitur,
981 4807 1013 4872 2.
1029 4823 1098 4887 cop.
1123 4806 1155 4872 8.
1172 4811 1188 4890 l
1203 4809 1255 4876 ιι.
1273 4809 1502 4889 institutionum
1515 4829 1525 4871 ι
1539 4825 1613 4890 erpo
1628 4816 1659 4872 et
1683 4814 1784 4872 nolum
1801 4807 1841 4872 de

67 4906 157 4964 recte
173 4899 338 4967 lucturum,
354 4895 382 4961 si
396 4901 512 4969 rorent,
528 4909 564 4958 se
576 4889 677 4954 triduo
690 4903 802 4969 uquam
822 4887 935 4972 bibitu·
980 4905 1015 4954 rc
1026 4891 1137 4956 ,eudem
1163 4893 1222 4956 erit
1235 4894 1338 4957 cultus
1352 4894 1418 4958 bei.
1435 4892 1584 4975 Probatur.
1596 4889 1840 4968 consequentia:

67 4999 152 5056 rum,
169 4981 199 5043 si
210 4981 323 5042 iterum
339 4977 483 5041 inciderit
497 4977 529 5038 in
552 4972 754 5048 ebrietatem,
781 4971 937 5048 quamodo
981 4973 1144 5042 nomadao
1159 4974 1269 5044 similia
1284 4982 1357 5044 sont
1368 4976 1539 5058 juramenta
1552 4975 1708 5048 cluuiani
1719 4972 1751 5046 in
1763 4971 1843 5038 Scri·

68 5069 166 5128 etiarn
183 5061 560 5140 existimatapastotorum
572 5061 711 5136 tempore
725 5053 832 5118 viduus
847 5067 938 5132 quus
982 5054 1082 5134 pluris
1106 5070 1201 5136 saepe
1213 5057 1423 5139 juramentum
1449 5074 1505 5139 pro
1521 5062 1590 5121 ιοιο
1606 5055 1794 5134 accipiatur,
1809 5061 1844 5121 ut

68 5151 142 5211 dam
156 5144 281 5210 norbae
295 5141 528 5214 continentiam,
541 5145 575 5204 nt
585 5137 758 5218 expeditius
772 5135 936 5216 languea
982 5142 1068 5282 galet
1081 5137 1204 5204 bomar.
1221 5136 1273 5204 ab.
1288 5139 1325 5204 su·
1338 5139 1467 5214 mulier,
1484 5140 1584 5220 inquit
1599 5137 1766 5216 Scriptura,
1779 5137 1842 5202 bu·

70 5239 120 5294 tur
132 5231 269 5293 munera
283 5225 562 5289 diaconissarum
599 5247 602 5258 ι
702 5245 704 5252 ’
755 5263 758 5272 »
793 5281 794 5286 ,
845 5277 847 5280 .
1003 5219 1845 5304 οιιιοιαιοικοοιοιιιοιοόιιιᾱ.οιοοτιιοηιιοοτοο·

108 5313 335 5384 Tertium,ruta
351 5307 571 5371 manachorum
584 5301 689 5382 impia,
703 5299 785 5362 billa
797 5305 829 5370 el
839 5297 938 5364 omul-
981 5303 1321 5383 praedicamentorum
1344 5303 1423 5388 ejus
1433 5303 1819 5386 oblipobcritiuromcolo
1835 5345 1844 5376 ,

67 5413 110 5460 no
126 5393 281 5459 solvenda
293 5406 378 5466 csse,
396 5391 478 5470 quod
493 5387 649 5452 dantcum
660 5383 807 5462 opinione
822 5381 935 5457 cultus,
980 5386 1047 5473 uoti
1058 5402 1119 5452 reu
1132 5388 1321 5460 amiseddai
1334 5390 1424 5470 quod
1435 5387 1584 5468 meludit
1598 5394 1657 5452 otc.
1672 5385 1845 5461 Praeterea.

69 5485 101 5542 ct
116 5486 225 5541 mmea
241 5474 281 5536 do
298 5473 338 5536 lis
362 5474 459 5536 robus
473 5470 536 5534 sint
550 5515 558 5544 ,
574 5485 651 5549 quas
676 5468 759 5532 bens
783 5479 938 5559 nusquam
980 5469 1063 5535 sicut
1076 5485 1133 5553 per
1145 5469 1355 5551 juramentum
1371 5473 1412 5534 do
1426 5481 1717 5550 reqrtonpruacopta
1731 5471 1845 5536 lucian·

67 5559 245 5642 praecepit.
268 5555 351 5618 llaec
366 5555 471 5618 omnia
485 5553 641 5624 botherus
663 5549 758 5614 ducet
775 5547 810 5643 ip
824 5547 881 5644 lib.
898 5547 938 5616 de
982 5549 1033 5624 do,
1049 5551 1237 5619 honoramus
1252 5553 1363 5628 baum,
1378 5554 1449 5634 mala
1465 5556 1760 5634 praestantandum
1773 5569 1845 5621 esst

70 5644 152 5708 retis
170 5638 366 5715 monasticis,
383 5643 414 5700 el
429 5634 573 5702 Caluinus
583 5633 641 5696 bb.
656 5632 688 5694 l.
704 5629 938 5700 ,institutionum
980 5631 1206 5704 immotabilem
1221 5637 1426 5712 reclamaret
1440 5635 1573 5710 ueritatis
1586 5640 1790 5711 assertorem
1806 5636 1845 5700 ila

72 5743 147 5810 cap.
165 5724 218 5789 ld.
234 5721 298 5787 lioc
312 5721 474 5786 dissimilia
489 5713 775 5784 auceuttmlcsciu
790 5713 938 5794 tupuua·
983 5731 1042 5796 per
1055 5719 1213 5810 rotumde
1226 5735 1261 5784 re
1275 5735 1337 5789 nou
1354 5721 1538 5801 praccepta,
1556 5719 1613 5785 sed
1627 5725 1727 5782 minen
1743 5717 1845 5792 buna,

145 5821 341 5882 brumosum.
357 5817 415 5876 Vol.
431 5816 467 5875 ll.
1525 5815 1560 5868 82
