4098 6294
290 419 343 476 aaa
962 399 1234 482 paruitatrouto

218 571 287 632 cup.
303 553 353 617 39.
370 555 547 618 accomodat
560 555 639 618 haec
653 555 754 618 omnia
778 554 853 619 sutis
874 558 944 634 apte
969 556 1006 619 ad
1023 573 1077 622 eos
1122 555 1213 635 gotia,
1230 561 1260 617 et
1275 552 1428 633 colligitur
1443 567 1478 614 er
1497 551 1566 616 iltis
1582 550 1683 614 rerlris
1699 550 1799 614 Lucae
1820 551 1870 613 to.
1886 550 1979 613 licre·

218 637 323 710 ctiam,
336 637 388 716 qui
401 637 437 698 ad
453 639 661 718 purgatoriam
677 640 871 702 deducuntur
888 655 896 715 ;
926 655 996 701 nam
1018 642 1077 704 soli
1119 640 1197 718 piati
1211 638 1297 702 dono
1308 637 1346 700 io
1358 637 1426 699 citu
1440 640 1508 699 tato.
1825 711 1829 722 ¹

219 719 264 780 itti
280 719 401 798 purgari
414 727 544 798 possunt
558 767 566 794 ,
582 726 613 784 et
628 721 773 793 precibus
786 721 948 784 virentium
962 722 1074 802 jurari,
1163 721 1271 799 Quinta
1289 717 1420 798 objectio
1438 765 1446 790 ,
1461 717 1603 780 llatttraci
1620 715 1671 778 25.
1698 715 1765 778 Duo
1779 715 1878 778 solum
1896 719 1976 774 urni-

221 801 272 879 qui
290 802 362 863 dum
375 801 427 864 hic
441 804 586 876 virerent,
603 803 634 865 id
651 811 829 867 meruerunt
848 804 941 866 bonis
956 804 1021 867 suis
1043 823 1075 868 o·
1120 819 1177 866 nes
1192 804 1350 867 hominum
1366 802 1575 877 inueniuntur3
1591 799 1660 861 aitis
1675 799 1756 860 enim
1768 798 1899 861 dicitur:
1927 798 1977 860 l'e·

219 883 358 961 peribus,
384 889 416 946 ut
437 885 469 946 in
492 885 550 950 alia
566 887 623 948 rita
649 887 745 962 jurari
770 891 919 966 possedt;
950 903 1028 966 qnae
1042 905 1076 952 o·
1118 888 1186 950 uate
1200 884 1370 950 benedicti.
1386 884 1470 948 Aliis:
1488 883 1536 947 lte
1550 879 1809 944 maledictiltem
1826 881 1915 942 ilorci
1931 883 1978 942 ut·

218 983 307 1030 mnes
319 966 474 1030 debentia
486 968 544 1032 lrac
559 971 616 1030 rita
632 968 781 1050 quidquid
794 969 1006 1049 possuntboni
1022 987 1075 1050 pe·
1119 970 1205 1032 timo:
1225 967 1285 1045 Qui
1297 968 1470 1032 crediderit
1483 971 1512 1029 ei
1526 966 1715 1044 ceperamus
1742 964 1853 1042 suad,
1869 965 1978 1026 soloas

220 1065 338 1129 ragcre,
353 1050 423 1127 quia
438 1050 468 1112 in
480 1050 538 1113 alia
553 1051 610 1113 rita
627 1068 687 1113 non
702 1052 886 1123 jurabuntur
902 1103 909 1126 ‚
938 1051 995 1115 nisi
1020 1069 1075 1132 per
1120 1053 1193 1129 erit·
1208 1053 1266 1132 qui
1277 1065 1352 1114 uero
1363 1066 1433 1114 noo
1446 1046 1987 1120 crodideritcoodamuodttumor-

215 1148 345 1208 eaquae
361 1133 411 1194 hio
422 1132 920 1214 gesseruntmeraerint.utjureri
933 1137 1072 1213 possent.
1120 1134 1214 1213 nique
1228 1133 1356 1196 loannis
1371 1133 1400 1195 3.
1417 1131 1478 1209 Qut
1493 1131 1604 1207 credit,
1620 1143 1690 1193 oon
1709 1130 1881 1208 judicotatr
1897 1146 1906 1206 3
1922 1133 1981 1209 qai

256 1214 356 1276 Tertia
368 1215 513 1295 objectio,
530 1217 732 1280 Ecclesiastae
757 1217 805 1278 tt.
822 1217 859 1280 st
872 1219 1022 1282 ceciderit
1037 1219 1074 1281 ti·
1119 1231 1188 1280 ooo
1202 1218 1314 1288 credit,
1324 1216 1398 1298 jum
1406 1216 1576 1296 judicatus
1592 1217 1648 1290 cat3
1666 1212 1863 1291 accipitur,
1880 1212 1978 1289 inquit

215 1299 551 1374 quatuordenarium,
568 1303 626 1362 out
647 1301 692 1362 ud
706 1301 914 1380 aquilonem,
944 1301 982 1363 io
997 1315 1074 1380 quo·
1120 1299 1271 1374 Bromius,
1289 1299 1376 1362 tecua
1390 1299 1477 1360 ottus
1504 1300 1653 1360 remanet
1676 1295 1889 1375 purqotortc,
1907 1311 1979 1358 acm

215 1396 355 1460 cootqttc
366 1381 434 1444 loca
446 1383 597 1445 ceciderit
607 1381 654 1445 idi
665 1382 802 1444 crit.Nou
812 1382 1071 1461 igitur,inquiunt,
1120 1383 1185 1444 dcto
1200 1383 1305 1444 sotum
1315 1383 1379 1444 siut
1393 1381 1466 1444 loca
1477 1385 1549 1458 post
1562 1379 1647 1442 douc
1657 1380 1771 1440 uitam.

216 1465 304 1524 datur
321 1463 428 1526 tertius
442 1464 530 1527 locus
544 1511 552 1540 ,
566 1465 646 1528 idest
661 1465 889 1545 purgatorium,
914 1465 997 1528 unde
1019 1467 1073 1528 ali·
1160 1464 1345 1544 despondeo
1360 1481 1367 1523 :
1381 1461 1415 1524 ln
1432 1471 1568 1524 extremo
1578 1461 1695 1532 iudicio
1710 1507 1717 1534 ,
1734 1462 1773 1522 de
1788 1474 1850 1536 qao
1878 1459 1979 1538 agitur

213 1547 337 1623 quando
352 1548 592 1620 exeundumsit.
1117 1546 1221 1609 liattlr.
1239 1547 1290 1610 25.
1306 1551 1391 1632 recte
1406 1543 1485 1607 duos
1498 1550 1614 1607 tantum
1629 1543 1696 1606 lieri
1726 1542 1852 1606 ordines
1867 1586 1876 1616 ,
1907 1545 1979 1620 quia

192 1681 194 1686 ,
254 1629 451 1706 despondeo:
467 1630 510 1692 td
524 1630 641 1692 literam
655 1628 831 1708 Sapientem
847 1628 983 1707 loquide
995 1646 1073 1702 rnor-
1117 1635 1192 1694 tunc
1207 1628 1415 1710 purgatorium
1432 1627 1525 1690 tinem
1540 1627 1672 1705 accipiet
1697 1641 1734 1688 ao
1749 1625 1900 1712 deinceps
1916 1628 1979 1685 duo

214 1717 243 1772 te
260 1712 424 1790 corporali,
441 1729 477 1774 ac
491 1713 571 1774 uelle
586 1713 702 1782 dicero,
720 1713 758 1774 ita
773 1713 915 1774 homines
929 1727 1074 1774 necessa·
1118 1717 1233 1774 tantum
1249 1713 1314 1774 loca
1330 1710 1534 1773 remanebunt
1549 1755 1557 1782 ,
1575 1709 1740 1790 paradisos
1762 1715 1792 1770 ct
1820 1709 1977 1787 gehenna.

212 1795 257 1854 rio
273 1795 448 1864 morituros,
468 1803 498 1857 et
513 1811 583 1857 com
601 1795 710 1858 mortui
725 1795 851 1872 inerint,
864 1809 921 1875 per
936 1809 970 1857 se
985 1811 1074 1857 numa
1117 1795 1210 1857 Porro
1228 1841 1236 1868 ,
1266 1795 1317 1875 qui
1339 1793 1437 1856 credit
1452 1840 1460 1864 ,
1478 1795 1582 1855 salros
1611 1793 1668 1854 erit
1688 1797 1719 1852 ut
1733 1805 1794 1852 non
1806 1789 1977 1869 judicatur,

211 1893 304 1952 quam
316 1883 522 1952 surrecturos,
542 1877 799 1954 quemadmodum
818 1877 932 1958 lignum
951 1879 1074 1942 tandem
1117 1877 1197 1940 idest
1212 1893 1272 1940 nan
1288 1878 1509 1940 condemnatur
1525 1921 1533 1948 ,
1550 1875 1748 1938 modoetiam
1770 1873 1862 1937 addat
1876 1878 1981 1934 caete·

211 1958 377 2034 aliquando
390 1961 482 2034 cadit,
499 1965 529 2022 et
541 1961 583 2022 iot
601 1967 701 2022 manet
717 1977 753 2022 ac
768 1964 926 2039 putrescit,
955 1960 1007 2022 ubi
1023 1977 1073 2024 ce·
1117 1976 1240 2038 requae
1255 1959 1453 2038 requiruntur
1469 1978 1478 2037 3
1494 1955 1573 2020 fides
1589 1957 1669 2020 enim
1686 1971 1723 2019 ex
1740 1971 1774 2017 sa
1788 1953 1935 2030 justitient
1950 1961 1983 2015 et

212 2042 298 2102 cidit.
314 2043 344 2103 Si
360 2048 460 2105 taruco
477 2044 606 2105 rotimus
622 2043 698 2104 llaec
715 2043 751 2104 ad
766 2049 875 2106 statum
892 2044 1010 2106 animno
1023 2061 1072 2106 ac·
1118 2043 1222 2117 salvat,
1241 2043 1267 2104 si
1280 2043 1404 2104 aliunde
1421 2055 1482 2104 non
1505 2042 1546 2102 sit
1573 2039 1839 2118 impedimentum.
1866 2037 1981 2113 Quem·

210 2126 419 2197 corumodare,
438 2131 500 2186 tum
517 2126 682 2188 dicendum
697 2127 766 2197 erit,
778 2143 833 2187 eos
846 2128 897 2204 qui
913 2127 949 2188 ad
963 2143 1073 2205 purga·
1119 2124 1283 2188 admodum
1299 2125 1405 2187 dicere
1420 2123 1569 2196 solemus,
1582 2137 1621 2185 ex
1643 2123 1702 2184 troc
1723 2121 1842 2183 semiue
1871 2136 1982 2181 nasce·

210 2206 321 2267 tor-iam
337 2207 504 2286 portinent,
518 2208 554 2268 ad
567 2214 704 2270 austrum
733 2208 885 2272 cecidisse
903 2256 911 2283 ,
928 2209 1020 2280 idest,
1034 2209 1072 2271 ad
1118 2212 1166 2269 tur
1181 2209 1297 2282 arbor,
1329 2208 1354 2269 si
1381 2205 1524 2268 videlicet
1544 2221 1606 2268 aon
1632 2204 1736 2267 desint
1762 2203 1846 2266 calor
1874 2201 1978 2276 sotis,

207 2295 320 2350 statum
335 2289 444 2352 salutis
459 2298 613 2364 aeternae,
628 2296 658 2352 et
673 2291 703 2352 in
722 2305 760 2352 eo
776 2297 855 2353 statu
877 2291 986 2354 salutis
1003 2307 1072 2370 per·
1117 2291 1227 2353 humor
1242 2305 1401 2369 aquarum,
1419 2294 1448 2351 et
1463 2289 1490 2349 si
1506 2306 1565 2368 qua
1581 2288 1640 2349 alia
1669 2284 1870 2365 requirantur
1886 2303 1896 2362 3
1928 2301 1980 2349 ne·

209 2377 303 2448 patrm
317 2387 547 2450 permansuros:
565 2374 613 2434 ret
629 2379 713 2434 certe
744 2373 803 2434 dici
827 2376 937 2450 poterit
950 2391 1005 2452 per
1020 2392 1072 2434 au·
1117 2389 1178 2452 que
1193 2375 1341 2436 continuo
1355 2372 1407 2452 qui
1424 2372 1528 2434 saltus
1544 2372 1601 2432 erit
1621 2383 1677 2449 per
1691 2368 1797 2440 tidem,
1823 2367 1892 2429 sine
1908 2383 1982 2446 pur·

207 2460 304 2515 strum
318 2455 446 2531 gloriam
458 2456 698 2534 coelestem,per
709 2457 885 2533 aquilonam
898 2456 1071 2535 geliennam
1117 2457 1232 2534 galerio
1249 2455 1435 2529 sumserit,
1456 2454 1542 2516 multi
1559 2453 1642 2514 eninr
1667 2451 1844 2527 salvantur,
1874 2451 1923 2512 sic
1940 2458 1982 2512 ta·

208 2536 353 2614 intelligi,
373 2538 427 2599 sed
451 2552 513 2599 non
529 2553 639 2600 omnes
653 2538 765 2614 cadere
781 2538 828 2600 ad
860 2546 994 2602 austrum
1019 2544 1072 2601 aut
1115 2554 1186 2601 men
1203 2538 1290 2618 quasi
1302 2553 1359 2618 per
1372 2536 1527 2618 igneum
1541 2551 1633 2616 supra
1645 2549 1682 2598 ex
1697 2531 1836 2616 apostolo
1851 2532 1981 2595 demon-

206 2619 243 2679 ad
260 2621 447 2698 aquilonam.
465 2619 558 2683 Porro
571 2622 653 2684 hunc
668 2621 770 2684 locum
796 2622 875 2682 nihil·
887 2621 1009 2684 officere
1023 2637 1071 2684 as·
1115 2622 1289 2684 stravimus.
1421 2659 1426 2670 ·

206 2702 334 2762 sartioni
349 2701 530 2782 purgatorii,
555 2719 592 2766 ea
618 2721 653 2764 co
670 2705 759 2766 etiam
789 2704 919 2782 intelligi
946 2710 1068 2784 potest,
1157 2703 1245 2765 Serta
1261 2702 1416 2784 objectio,
1433 2702 1534 2765 Lucae
1555 2699 1607 2763 23.
1630 2699 1753 2764 Latroni
1775 2699 1814 2759 in
1841 2705 1980 2760 extrema

207 2785 288 2860 rpund
306 2787 331 2846 si
348 2786 513 2864 purgatorii
528 2787 690 2849 assertioni
703 2786 851 2862 officeret,
876 2786 1013 2849 officeret
1025 2792 1069 2848 et·
1115 2785 1188 2848 hora
1205 2803 1355 2848 converso
1377 2785 1489 2848 dicitur
1513 2783 1691 2847 achristo:
1721 2781 1823 2844 Hodie
1849 2797 1981 2845 mecum

207 2865 267 2926 iam
283 2867 444 2930 assertioni
461 2868 530 2949 ejus
548 2869 620 2942 toci,
631 2870 667 2930 ad
685 2885 776 2946 quem
793 2871 888 2932 sancti
902 2869 1003 2931 Patres
1016 2886 1069 2931 an·
1118 2869 1227 2932 erista
1240 2869 1410 2948 paradiso.
1423 2868 1489 2930 Noa
1503 2866 1736 2948 ergo,inquinnt
1747 2863 1856 2926 Petrus
1867 2863 1983 2943 llartgr

206 2954 237 3008 to
253 2948 365 3011 Christi
380 2951 542 3012 adrentum
562 2952 794 3013 descendebant
811 2999 819 3029 ‚
850 2953 914 3014 sira
930 2952 957 3013 is
981 2953 1071 3014 locus
1115 2955 1145 3013 ct
1157 2951 1362 3013 Bernardinus
1378 2951 1527 3020 dutinus.
1544 2954 1682 3011 remanet
1697 2947 1905 3026 purgatorium
1923 2961 1983 3024 pro

207 3030 456 3108 sinusAlrrahae‚
474 3035 537 3096 sive
557 3033 671 3097 limbus
684 3034 815 3105 Petrum,
843 3035 907 3096 sive
929 3034 1068 3098 internus
1115 3033 1166 3108 iis,
1181 3033 1233 3113 qui
1250 3034 1280 3096 in
1296 3034 1353 3094 hac
1367 3034 1425 3095 rita
1441 3049 1503 3095 nnn
1522 3039 1653 3110 egerunt
1667 3029 1905 3111 poenitentiam.
1924 3029 1981 3090 lie·

206 3113 395 3190 noarinetur3
413 3122 532 3177 constat
551 3116 634 3177 onim
650 3117 754 3179 Patras
784 3117 814 3178 in
844 3133 881 3178 eo
909 3117 979 3178 loco
1006 3134 1065 3179 non
1113 3117 1265 3196 spondeo:
1283 3117 1409 3178 llortcm
1430 3115 1514 3178 illam
1530 3113 1726 3178 durissimam
1748 3109 1981 3191 patientissimo

204 3196 359 3258 mansisse
374 3198 615 3275 perpetuo.Vidc
632 3199 849 3279 Hieronymum
865 3199 896 3260 in
912 3215 1069 3262 commen·
1114 3199 1217 3260 animo
1230 3201 1400 3272 toleratam,
1432 3205 1463 3262 ct
1484 3195 1712 3260 contessionem
1735 3201 1796 3256 tam
1825 3193 1980 3255 admiran-

205 3279 293 3353 tario,
313 3286 342 3340 et
358 3280 542 3342 [ternarium
557 3297 650 3342 sarm.
667 3280 717 3356 te.
735 3297 771 3344 cx
786 3281 899 3358 paruis.
1115 3283 1183 3343 dam
1200 3297 1237 3342 oo
1252 3288 1401 3360 tempore,
1415 3297 1477 3360 quo
1492 3280 1644 3344 christum
1657 3277 1785 3358 apostoli
1811 3275 1871 3356 ipsi
1886 3293 1980 3354 nega·

246 3359 357 3434 Quarta
386 3361 519 3441 objectio
534 3408 542 3435 ‚
560 3362 731 3425 liacolrielis
758 3363 807 3425 ta.
834 3364 911 3427 ΰιιιιι
936 3379 1067 3427 otrcraua
1112 3363 1198 3434 bant,
1213 3365 1351 3443 potuisse
1369 3363 1454 3443 justo
1476 3365 1507 3426 ln
1525 3364 1647 3442 plenam
1673 3359 1914 3423 satisfactionem
1931 3376 1979 3420 re·

203 3442 302 3520 suerit
317 3445 438 3522 implius
454 3444 494 3506 cb
508 3446 674 3524 impietate
695 3461 766 3522 suo,
784 3446 932 3510 omnium
943 3447 1067 3528 iniqui·
1115 3447 1224 3524 putari.
1242 3447 1425 3526 tuaequae
1442 3443 1599 3528 privilegia
1615 3459 1781 3524 paucorum
1796 3442 1899 3522 legem
1914 3459 1978 3504 aon

206 3531 311 3588 totum
325 3528 396 3604 ejus
407 3543 475 3589 nott
488 3528 694 3591 recordabor.
710 3529 746 3590 At
761 3531 915 3602 quomodo
932 3578 939 3600 ,
970 3531 1069 3612 inquit
1112 3531 1236 3592 iaciunt.

206 3609 314 3670 Petrus
330 3609 451 3690 tlartgr,
476 3625 538 3672 non
565 3611 742 3673 recordatur
763 3611 845 3674 Deus
873 3613 1067 3692 iniquitatum
1153 3613 1287 3689 Septima
1303 3610 1455 3692 objectio,
1474 3612 1560 3674 liom.
1576 3608 1689 3672 euitat
1705 3605 1911 3670 damnationis
1927 3615 1977 3669 est

204 3692 375 3755 anticorum
392 3709 529 3766 suorum,
544 3693 570 3754 si
586 3698 709 3756 castam
721 3709 828 3756 seuere
840 3696 870 3756 io
888 3698 1064 3778 purgatorio
1111 3695 1163 3769 iis,
1179 3695 1230 3775 qai
1247 3703 1319 3756 sunt
1333 3697 1364 3755 in
1380 3694 1501 3756 Christo
1517 3693 1603 3757 Jesu.

205 3774 320 3851 puniti
1152 3775 1484 3855 Respondeozlautom
1500 3793 1537 3839 eo
1554 3778 1622 3838 loco
1632 3773 1787 3852 disputare
1804 3771 1843 3834 de
1858 3787 1977 3832 concu-

248 3854 432 3933 ltespoudeo
459 3857 633 3936 dupliciter.
651 3858 823 3922 Primanon
839 3859 993 3922 recordari
1008 3861 1066 3923 ini·
1110 3860 1260 3939 piscantia
1277 3878 1313 3922 ac
1329 3861 1407 3922 aelle
1421 3860 1538 3928 dicere,
1568 3860 1607 3921 iis
1623 3858 1674 3938 qui
1691 3863 1763 3919 sunt
1790 3853 1822 3914 in
1852 3851 1979 3915 Cirrlsto

206 3940 368 4018 quitatum,
386 3940 463 4001 ntlrit
475 3940 556 4002 aliud
573 3955 662 4016 esse,
688 3957 778 4020 quam
794 3957 856 4002 uon
873 3957 995 4005 serrare
1011 3945 1067 4006 ini·
1110 3942 1196 4014 lesu,
1213 3944 1327 4022 atejus
1342 3942 1435 4020 gratia
1452 3941 1573 4014 muniti,
1597 3956 1659 4002 non
1672 3936 1871 4000 consentiunt
1885 3939 1977 3997 moti·

208 4021 352 4082 micitiam
369 4038 438 4082 cum
459 4039 496 4084 eo
513 4023 564 4103 qui
581 4027 719 4101 peccarit
736 4041 744 4102 3
768 4039 835 4085 nam
863 4023 889 4085 si
913 4027 1064 4090 recordari
1111 4026 1169 4088 hus
1185 4026 1286 4087 carnis
1302 4041 1388 4096 suae,
1405 4025 1481 4087 nihil
1498 4023 1615 4104 peccati
1634 4021 1815 4084 cotrtrattere
1837 4035 1873 4080 ax
1889 4019 1978 4096 ejus·

204 4105 410 4181 iniquitatum,
424 4113 509 4167 esset
529 4105 639 4184 punire
652 4107 737 4168 mala
756 4105 862 4167 merita
881 4151 888 4177 ,
910 4109 1064 4172 recordari
1111 4109 1191 4170 modi
1209 4108 1355 4169 motibus.
1371 4108 1477 4186 ltaque
1493 4108 1545 4170 iric
1557 4107 1646 4167 locus
1667 4117 1731 4166 uon
1763 4103 1977 4181 purgatorium

200 4185 388 4266 justitiarum
405 4194 490 4250 esset
504 4203 701 4251 remunerare
716 4189 796 4250 bona
808 4188 927 4250 merita.
944 4189 981 4252 At
1001 4207 1063 4254 uon
1110 4198 1277 4270 oppugnat,
1295 4190 1350 4252 sed
1365 4189 1519 4255 haeresim
1535 4188 1780 4252 adversariorum
1796 4230 1804 4258 ,
1821 4184 1873 4262 qui
1900 4199 1975 4246 uera

203 4267 380 4332 concedant
393 4269 569 4345 adversarii,
586 4271 738 4334 recordari
753 4269 962 4350 justitiarum,
993 4288 1064 4337 csse
1109 4280 1233 4352 peccata
1249 4289 1320 4336 esse
1336 4274 1441 4335 volunt
1455 4289 1510 4336 eos
1525 4273 1614 4334 etiam
1627 4275 1752 4340 motus,
1779 4281 1859 4344 quos
1879 4266 1977 4332 inter·

203 4367 402 4415 remunerare
417 4352 497 4414 bona
515 4353 619 4416 merita
636 4399 643 4422 ,
661 4369 700 4415 ne
725 4354 868 4416 videlicet
898 4357 1002 4418 merita
1014 4355 1064 4436 J‘u-
1109 4359 1181 4416 dum
1194 4355 1298 4434 justus
1314 4355 1417 4418 sentit.
1435 4354 1508 4416 licet
1520 4355 1567 4418 eis
1581 4369 1643 4416 noo
1660 4349 1844 4413 consentiat.

204 4441 321 4496 storum
335 4435 493 4497 admittere
509 4441 681 4514 cogantur.
706 4436 798 4514 igitur
825 4453 927 4516 neque
949 4439 1065 4504 debent
1149 4438 1260 4500 Octava
1276 4439 1410 4514 objectio
1425 4437 1456 4499 2.
1473 4436 1608 4499 Corinth.
1628 4436 1658 4497 3.
1684 4433 1718 4497 Si
1732 4435 1849 4495 domos
1874 4436 1976 4492 terre·

205 4518 391 4592 concedere,
408 4517 560 4579 recordari
576 4517 769 4598 iniquitatum
793 4535 863 4582 csse
877 4519 984 4598 punire
1007 4523 1064 4584 ini·
1110 4537 1172 4584 aco
1187 4526 1315 4583 nostroe
1337 4520 1549 4583 dubitationis
1574 4518 1787 4584 dissolvitur.
1816 4511 1977 4576 hademare

205 4601 350 4678 quitatem
368 4613 438 4661 nam
454 4599 597 4662 Ezechiel
613 4599 826 4666 eodemmodo
842 4602 881 4666 de
900 4603 1017 4684 justitio
1033 4610 1064 4667 et
1108 4605 1243 4666 domum
1255 4619 1325 4666 nort
1337 4596 1974 4680 monusculum,oeterooma'accoctts3
2039 4661 2040 4666 ,

203 4685 242 4744 do
259 4683 421 4762 iniquitate
435 4683 581 4761 loquitur.
1108 4691 1191 4746 recta
1207 4685 1299 4764 igitur
1316 4691 1528 4764 postmortem
1544 4685 1614 4746 stne
1629 4683 1692 4745 ullo
1721 4680 1896 4761 purgatorio
1928 4680 1975 4758 pii
2039 4675 2040 4692 ¹

245 4764 389 4828 Secundo
405 4766 587 4844 responderi
602 4773 724 4846 potest:
741 4767 904 4830 Recordari
921 4768 1063 4850 iniquita·
1107 4767 1249 4830 hominos
1266 4769 1490 4831 transferuntur
1504 4769 1535 4828 in
1552 4767 1685 4830 eoelum.
1948 4809 1951 4817 .

201 4853 266 4911 tum
283 4857 356 4910 esse
371 4847 494 4928 qaidem
510 4849 633 4928 punire,
651 4851 705 4914 scd
720 4851 831 4928 punire
846 4850 877 4912 in
891 4857 1063 4931 aeternam3
1145 4851 1328 4929 liespondco
1346 4869 1353 4912 :
1370 4852 1403 4914 lt.
1415 4850 1542 4913 Paulum
1558 4849 1589 4912 id
1604 4849 1705 4911 solam
1729 4859 1892 4914 asserere,
1911 4861 1973 4922 pa·

205 4947 275 4994 narn
292 4947 360 4995 cunt
379 4931 492 4994 ibidem
510 4930 653 5008 legimus,
671 4935 695 4995 si
711 4934 813 5006 iustus
841 4935 980 4995 averterit
995 4951 1061 4998 sea
1106 4938 1170 4996 tere
1186 4935 1310 4996 domum
1324 4934 1490 4997 coelestem
1513 4937 1584 5012 post
1610 4935 1752 5000 mortem.
1775 4943 1837 4990 non
1864 4933 1979 5004 patere

200 5013 332 5092 justitia,
349 5014 606 5095 carnesjustitiae
628 5015 697 5097 ejus
725 5032 787 5078 non
804 5015 1057 5080 recordabuntur:
1106 5023 1177 5077 autc
1205 5023 1346 5079 mortem.
1370 5013 1456 5089 Quod
1487 5022 1588 5079 autem
1612 5013 1760 5075 continuo
1788 5025 1898 5073 omnes
1930 5010 1978 5085 pii

201 5097 340 5174 cogimur
356 5096 393 5158 ila
410 5111 578 5176 exponere,
604 5106 638 5161 ut
651 5098 792 5160 dicantur
815 5098 954 5178 justitiae
984 5101 1059 5162 tradi
1106 5099 1328 5161 nanstaramur
1342 5100 1378 5161 ad
1395 5099 1518 5160 coelum
1532 5102 1602 5177 post
1616 5101 1759 5166 mortem,
1785 5093 1889 5172 ipsum
1906 5108 1977 5153 non

203 5177 361 5254 oblivioni,
378 5195 439 5242 non
456 5179 537 5258 qaod
552 5195 613 5242 noo
641 5185 878 5244 remunerentur
898 5183 1057 5260 temporali
1106 5181 1223 5254 dicere,
1240 5181 1295 5243 sed
1309 5180 1494 5243 contrariam
1509 5181 1612 5257 potins
1625 5176 1790 5250 indicare,
1815 5189 1885 5236 cum
1904 5176 1971 5235 ait:

201 5259 303 5338 utiquo
318 5263 467 5340 praemio,
484 5262 539 5325 sed
554 5264 636 5341 quod
652 5280 714 5326 non
741 5262 874 5326 liberent
901 5264 1057 5344 homiuem
1104 5263 1141 5327 Si
1154 5265 1376 5328 tomeeuesta'ti
1391 5269 1420 5326 et
1433 5279 1504 5327 nora
1515 5261 1835 5327 continuandorum.
1867 5256 1978 5336 Signi·

200 5343 449 5419 agehennamec
459 5352 696 5409 remunerentur
707 5346 844 5425 praemio
856 5347 1056 5426 sempiternm
1103 5346 1172 5409 licat
1187 5345 1270 5410 enim
1292 5347 1342 5410 his
1357 5345 1459 5410 verbis
1474 5361 1542 5420 eos,
1558 5343 1611 5424 qui
1623 5343 1742 5406 meritis
1756 5347 1788 5404 at
1801 5338 1976 5402 virtutibus

201 5437 271 5484 nam
287 5425 400 5504 alioqui
417 5441 509 5504 opera
537 5428 617 5490 bona
646 5428 810 5506 impiorum
840 5445 900 5492 non
925 5428 1056 5492 fraudari
1104 5429 1203 5492 restiti
1219 5434 1301 5504 sunt,
1315 5447 1350 5491 ac
1365 5429 1496 5508 proinde
1508 5427 1675 5508 perlectam
1696 5423 1923 5505 poenitentiam
1936 5424 1978 5484 in

198 5509 359 5586 temporali
378 5510 532 5582 mercede,
550 5510 662 5573 docent
676 5511 792 5586 Patrae,
820 5509 1057 5592 chrysostomus
1102 5511 1161 5574 heo
1175 5511 1232 5573 rita
1247 5517 1388 5592 egerunt,
1406 5529 1476 5575 mox
1490 5512 1521 5574 in
1537 5511 1662 5574 domum
1684 5507 1853 5574 coelestem
1869 5504 1979 5567 dedu·

198 5587 323 5652 homilia
339 5590 431 5652 atad
449 5593 597 5670 poputum
614 5592 1057 5674 Antiochenam,ltierongmus
1103 5595 1144 5673 ci3
1159 5593 1236 5658 alios
1251 5601 1352 5660 autom
1368 5595 1477 5658 salvari
1504 5595 1629 5674 quidem
1647 5637 1655 5672 ,
1679 5589 1735 5655 sad
1762 5589 1809 5652 sic
1833 5594 1947 5650 tamen
1966 5635 1976 5662 ‚

199 5673 382 5752 trappas.
400 5674 580 5749 daeclrtclis,
598 5675 786 5753 tagasrtnas
809 5675 865 5738 lib.
882 5676 913 5738 5.
929 5675 968 5738 de
980 5675 1056 5739 diri·
1103 5677 1188 5757 quasi
1207 5675 1394 5759 perignem,
1410 5685 1444 5742 ut
1458 5679 1526 5758 ipse
1548 5676 1630 5740 idern
1655 5673 1716 5752 ait,
1744 5674 1774 5736 l.
1796 5670 1833 5735 ad
1862 5671 1978 5736 eorta-

201 5760 259 5818 tata
274 5755 328 5819 lici
345 5773 411 5837 cap.
431 5756 478 5817 ti.
496 5763 525 5820 ct
541 5757 704 5836 Gregorius
729 5760 813 5822 hom.
840 5757 891 5821 td.
920 5759 949 5822 in
967 5774 1055 5824 erau-
1104 5759 1183 5824 titios
1200 5759 1229 5822 3.
