4080 6306
271 411 326 468 240
438 443 440 448 -
959 401 1004 460 DE
1027 401 1201 462 contortis

198 541 490 626 praeeisccdicibus
502 538 578 604 nihil
590 535 729 604 estaliud
742 531 1054 618 ηἰείἐξὸληςίσχύος,
1100 534 1159 599 vita
1174 539 1205 598 et
1218 537 1320 598 tamen
1347 549 1408 598 non
1428 549 1500 602 csse
1524 537 1820 618 praevaricatorem,
1837 542 1889 622 qui
1907 559 1971 607 non

198 628 282 708 quad
298 633 402 690 taurea
415 625 569 704 interpres
583 639 667 687 nuuc
682 620 770 684 vertit
782 635 819 684 ex
834 623 916 684 omni
928 621 1055 692 virtute,
1100 616 1236 699 periente
1250 617 1327 680 illud
1342 617 1460 697 implet.
1476 617 1664 702 Augustinus
1678 622 1718 686 de
1733 621 1887 703 spiritual
1902 627 1971 690 tite·

196 727 280 773 nunc
294 725 332 772 eu
346 707 431 772 omni
446 705 641 778 fortitudine,
659 721 743 767 uuna
767 719 804 768 ex
829 701 975 766 omnibus
987 701 1057 765 viri·
1099 717 1145 775 ra,
1161 712 1229 780 cap.
1246 701 1345 764 ultim.
1362 706 1562 782 posteaquam
1579 703 1709 772 dixerat,
1727 721 1789 770 nan
1806 723 1900 785 passe
1912 711 1971 772 im·

196 792 269 856 bus.
283 791 383 866 Quare
397 791 503 868 tuapte
517 787 670 852 Lutlrerus
681 787 713 849 ic
728 789 839 852 asscrt.
858 789 913 847 art.
929 784 1057 848 iicon·
1101 783 1180 863 pleri
1195 785 1255 848 hoc
1270 783 1443 847 mandatum
1459 784 1491 846 ln
1507 785 1566 850 hac
1581 786 1654 861 vila,
1671 787 1799 851 acutule
1814 789 1879 855 Sed
1893 793 1970 856 idac

195 874 308 949 tandit,
324 874 385 936 hoe
399 875 597 953 praeceptum
612 869 735 949 impleri
764 885 825 932 nau
841 883 958 947 posse,
985 867 1058 944 cula
1101 865 1195 931 nabas
1209 867 1269 929 lcoc
1283 865 1382 930 ctiam
1394 882 1485 932 nnnc
1496 873 1707 948 pracceptum
1722 877 1785 944 cal,
1799 877 1837 937 ul
1852 876 1968 938 admo

196 973 257 1022 uaa
272 955 422 1037 quaedam
434 969 473 1021 ert
487 953 602 1016 viribus
613 953 747 1026 animae,
769 951 915 1015 nimirum
942 949 1058 1030 appell·
1100 965 1276 1021 ceremur,
1293 949 1375 1028 qnid
1397 947 1461 1026 fide
1475 967 1671 1030 exposcere,
1687 969 1752 1034 parc
1765 970 1858 1035 opera
1871 963 1969 1036 prae·

197 1047 248 1104 las
263 1037 442 1110 sensitivus,
460 1051 522 1098 noa
540 1036 640 1116 diligit
652 1035 762 1108 Deum,
778 1049 849 1098 curo
864 1039 965 1096 tameo
991 1031 1059 1095 dili·
1102 1032 1228 1096 mitterc
1252 1031 1492 1096 debcamns.lit
1517 1033 1675 1098 tuircallc
1756 1037 1972 1103 animalessc
2034 1057 2035 1126 t

198 1137 273 1204 pere
286 1121 452 1202 jubeamur
463 1119 561 1181 Deum
572 1133 614 1204 ‚en
629 1117 774 1181 omnibus
795 1115 926 1179 viribus.
941 1113 1002 1178 Sed
1015 1119 1058 1178 cl·
1102 1115 1367 1192 nondumpotest
1380 1119 1473 1179 tanta
1487 1116 1615 1192 ditectio
1628 1115 1698 1188 Dea.
1713 1127 1841 1200 qncntc
1854 1121 1970 1186 idaco-
2034 1133 2035 1148 ¹

195 1206 256 1268 iam
269 1205 295 1268 si
308 1203 394 1284 juxta
410 1201 542 1281 priorem
558 1199 782 1279 expositionem
807 1203 1061 1263 enumerarentur
1102 1197 1244 1277 pallioni
1255 1197 1374 1276 plenae
1386 1199 1612 1280 perfectaeque
1623 1199 1841 1281 manuelem
1852 1206 1971 1285 culpae

194 1287 295 1351 variae
306 1286 461 1365 potentiae
475 1284 607 1356 animae,
624 1299 660 1346 uc
671 1281 853 1362 juberemur
866 1281 935 1344 illas
951 1295 1059 1344 amnes
1104 1281 1334 1360 deportantium
1359 1287 1404 1344 est
1418 1287 1477 1343 etc.
1493 1280 1532 1344 Et
1545 1281 1601 1345 iilo.
1618 1282 1657 1344 de
1672 1285 1866 1362 perfectione
1878 1289 1972 1368 justi·

195 1384 342 1434 exercere
357 1367 398 1430 ad
410 1367 539 1448 gloriam
550 1365 722 1441 ttet,adnuc
737 1363 812 1426 nihil
825 1363 989 1428 adversarii
1006 1362 1060 1426 ab·
1104 1364 1176 1425 liae:
1196 1361 1269 1429 Car,
1285 1361 1384 1442 inquit
1401 1409 1408 1432 ,
1424 1379 1494 1428 nan
1506 1365 1750 1450 praeciperetur
1763 1366 1891 1434 homini
1904 1372 1970 1434 istc
2034 1357 2035 1450 i

194 1453 340 1518 linerent.
357 1449 508 1526 Quoniam
522 1447 605 1511 etnim
620 1453 818 1527 praeceptum
833 1446 893 1511 hoc
907 1445 1060 1509 affirmati·
1101 1445 1420 1527 perfectiopccmois
1430 1463 1505 1509 eam
1516 1447 1555 1512 in
1568 1447 1631 1511 lucc
1644 1449 1819 1514 cilonem
1831 1453 1972 1518 habeat?
2034 1469 2035 1484 ¹

195 1553 267 1600 vura
282 1538 342 1608 cst,
358 1533 428 1597 ideo
440 1531 606 1595 dicendum
618 1536 702 1594 esset
723 1532 824 1593 salum
852 1529 1004 1607 praeripi,
1028 1534 1062 1590 ut
1104 1527 1176 1592 tlon
1190 1529 1279 1593 enim
1302 1535 1385 1592 recte
1400 1530 1566 1602 curritor,
1582 1531 1689 1612 siam
1705 1537 1911 1600 carendum
1927 1543 1974 1600 est

195 1631 414 1682 exerceremus
429 1631 481 1678 eas
495 1614 650 1695 potentias
663 1617 789 1694 propter
802 1613 900 1676 licum
914 1656 922 1685 ‚
938 1611 1061 1690 quaudo
1103 1612 1294 1688 masciatum
1318 1613 1479 1692 dammodo
1505 1616 1615 1676 antem
1639 1615 1799 1692 sciretne,
1824 1621 1973 1684 sinaitis

194 1700 227 1764 id
243 1700 414 1763 necessitas
428 1697 545 1777 gloriae
567 1696 636 1777 eius
650 1694 860 1774 procurandae
875 1693 1060 1774 requireret,
1102 1695 1284 1774 praeceptis
1298 1695 1549 1758 ostenderetur?
1562 1695 1600 1760 lit
1613 1696 1650 1758 cd
1667 1696 1761 1761 ilnem
1776 1699 1922 1780 ejusdem
1939 1705 1973 1764 ti·
2034 1695 2035 1734 ¹

195 1782 257 1846 alio
278 1788 379 1845 autem
394 1787 533 1860 tempore
548 1780 574 1844 si
589 1779 622 1842 id
632 1777 732 1854 fleret,
747 1793 827 1859 opus
842 1779 925 1840 essct
938 1775 1062 1842 consilii
1104 1777 1154 1840 bri
1180 1777 1273 1840 dccet
1295 1774 1378 1838 idem
1403 1777 1612 1858 Augustinus,
1629 1785 1731 1843 motus
1746 1782 1973 1849 involuntariae

196 1871 228 1930 et
242 1862 543 1944 supererogationis..
1105 1859 1462 1939 concupiscentiae,ticet
1477 1861 1537 1923 hoc
1550 1869 1718 1942 praecepto
1732 1865 1881 1943 prohibiti
1898 1869 1972 1940 sint,
2034 1897 2035 1920 t

235 1947 302 2010 lam
313 1962 385 2010 vera
401 1951 549 2025 quantum
564 1943 699 2006 odiliam
713 1939 1060 2021 particulemadmtato,
1105 1948 1208 2006 tamen
1224 1941 1302 2004 adeo
1317 1957 1380 2003 oco
1400 1957 1472 2005 csse
1486 1951 1611 2024 peccata
1626 1991 1633 2016 ,
1650 1949 1684 2007 ut
1698 1962 1762 2009 non
1776 1948 1817 2009 sit
1830 1965 1914 2030 opus
1929 1952 1972 2012 di·

192 2035 268 2095 sunt
283 2030 375 2094 etiarn
390 2030 470 2092 duaa
484 2028 605 2090 Patruus
622 2025 844 2105 expositionem
857 2024 919 2086 llna
936 2030 983 2088 cst
993 2039 1063 2087 suu·
1108 2042 1180 2090 cere
1197 2040 1253 2102 pro
1264 2023 1322 2088 eis:
1338 2023 1466 2088 Dimitte
1476 2025 1570 2090 acco
1584 2023 1694 2091 debito
1704 2034 1828 2093 nostra.

193 2119 326 2187 alarum,
343 2110 517 2192 Augustini,
534 2110 679 2172 Bernardi
695 2114 725 2172 el
738 2108 885 2179 Thomae,
908 2108 987 2170 locis
1008 2123 1063 2170 no·
1148 2108 1180 2172 S.
1195 2106 1368 2171 Bernartius
1383 2122 1478 2172 serm.
1494 2108 1547 2172 50.
1564 2109 1595 2172 in
1610 2107 1757 2178 Cantica:
1774 2113 1836 2176 Nec
1851 2113 1974 2190 latuit,
2034 2117 2035 2192 ζ

195 2196 278 2269 tutis,
295 2195 347 2276 qui
368 2195 483 2258 docent
506 2191 600 2256 illud:
617 2192 670 2256 lim
684 2196 770 2268 toto,
796 2189 989 2270 significare,
1005 2189 1063 2251 im·
1104 2189 1786 2272 inquinprccceprcrcmprcecepn·pancras
1800 2195 1976 2262 hominnm
2034 2197 2035 2284 i

193 2279 298 2359 peruri
314 2275 477 2340 nobishoc
489 2276 633 2339 mandato
645 2273 879 2352 cmoesgradus
893 2271 1061 2347 charitalis,
1107 2273 1264 2338 accedero
1289 2274 1398 2338 circs.
1415 2274 1474 2337 aed
1481 2275 1648 2354 indicauit
1671 2277 1811 2342 alileam
1824 2279 1884 2342 lace
1899 2281 1974 2360 ipsa

195 2376 275 2442 quos
290 2361 338 2423 vel
354 2359 386 2421 iu
408 2359 468 2422 hac
483 2358 611 2428 mundo,
626 2358 675 2421 vel
690 2357 722 2419 in
734 2357 795 2419 atio
814 2355 930 2418 habere
952 2369 1062 2434 possu-
1104 2371 1186 2419 suae
1199 2355 1273 2419 illos
1285 2353 1537 2438 insufficientiae
1551 2358 1738 2439 admoneri,
1756 2365 1787 2424 et
1800 2368 1839 2424 at
1851 2365 1977 2428 scirem

195 2442 322 2519 munita
333 2446 366 2505 ut
376 2457 500 2521 semper
514 2441 612 2505 licum
623 2454 774 2515 amemus,
790 2443 822 2500 et
836 2453 899 2501 nou
910 2437 950 2500 sit
961 2437 994 2500 in
1008 2453 1076 2510 no·,
1104 2454 1187 2503 sanc
1199 2483 1208 2509 ,
1221 2438 1267 2503 cd
1291 2438 1544 2520 qucmjmrltmc
1567 2437 1668 2519 dcem
1690 2441 1754 2504 nili
1772 2459 1834 2522 pro
1846 2445 1976 2510 cimbam

196 2525 342 2592 btsuttus
358 2532 459 2588 matus
485 2523 687 2603 cupiditatis,
716 2537 818 2602 neque
845 2520 1058 2594 voluntarius,
1106 2519 1976 2608 cpmlcrcellrpamcndmdcimpcsmmtiancnprae·

194 2623 300 2688 acque
313 2605 551 2684 involuntariae,
575 2621 646 2670 cum
658 2603 714 2667 lici
728 2619 832 2667 amore
857 2619 1011 2683 pugnans3
1024 2618 1063 2665 ex
1105 2604 1303 2668 audaciores
1318 2603 1561 2682 contammata,
1578 2605 1799 2671 sednumitcc.
1818 2609 1870 2673 Sic
1881 2612 1976 2674 ettam

210 2707 261 2770 ruo
271 2696 356 2755 recte
370 2689 529 2754 deducunt
542 2689 603 2751 hcc
617 2687 792 2750 mandatum
805 2686 837 2748 ic
850 2686 908 2749 trac
920 2685 977 2748 vita
992 2701 1062 2765 per·
1105 2686 1138 2750 b.
1154 2683 1287 2750 Thomas
1311 2687 1413 2750 salum
1428 2686 1539 2761 dccet,
1557 2687 1618 2751 hoc
1643 2697 1843 2770 praeceptum
1859 2692 1975 2772 impor-

194 2774 278 2838 {cale
292 2772 413 2852 impiari
429 2787 491 2835 nan
507 2786 612 2852 posse.
629 2767 713 2846 Quae
738 2769 890 2832 sententie
917 2785 980 2831 nau
1006 2785 1062 2848 pu·
1106 2769 1185 2834 lecta
1200 2767 1336 2839 servari,
1375 2774 1505 2833 catenus
1519 2769 1636 2833 iudicat
1656 2769 1750 2834 linem
1766 2779 1798 2837 et
1812 2775 1843 2837 in
1859 2777 1975 2840 ecdem

195 2861 271 2936 pnat
281 2873 352 2919 cum
363 2854 515 2919 sententia
531 2853 689 2926 unstrode
700 2851 840 2916 consiliis
856 2851 1057 2932 evangelcis,
1106 2867 1202 2916 sensu
1217 2785 1570 2942 dicitnuliumgradam
1581 2853 1759 2920 dilectionis
1770 2872 1842 2920 esse
1855 2859 1886 2920 in
1900 2875 1975 2922 can-

195 2939 319 3002 lamctsi
333 2937 529 3002 concidetur
544 2935 710 3000 admodum
725 2934 893 2998 conformis
913 2933 1012 2998 sacris
1026 2934 1062 2997 li·
1105 2935 1197 3010 sitio,
1214 2934 1271 2998 sed
1285 2949 1395 2996 omnes
1409 2934 1442 2996 in
1457 2942 1635 3015 praecepto,
1658 2944 1812 3016 quatenus
1826 2940 1974 3011 videlicet

197 3021 288 3085 teris.
304 3019 392 3099 Quod
407 3025 510 3083 autem
526 3035 588 3081 non
611 3023 728 3097 pugnet
742 3031 812 3080 cum
838 3016 990 3079 sententia
1006 3033 1061 3081 uo·
1105 3019 1165 3083 hac
1179 3022 1378 3097 praeceptam
1403 3017 1541 3081 eontinet
1556 3025 1586 3086 et
1601 3019 1737 3082 medium
1753 3026 1783 3084 ct
1798 3019 1906 3086 fluam.
1923 3025 1972 3087 ltt-

196 3109 270 3177 slra,
286 3120 324 3168 ex
338 3119 376 3166 eo
390 3107 484 3180 patet,
507 3101 591 3181 quod
604 3101 699 3163 iidem
711 3101 814 3162 Patres
825 3099 987 3175 ollirmaut,
1002 3099 1062 3162 trac
1105 3101 1149 3163 hil
1165 3099 1248 3162 enim
1263 3099 1334 3162 addi
1350 3105 1452 3180 potest
1466 3099 1503 3186 ad
1519 3116 1587 3165 eam
1601 3101 1826 3178 dilectionem,
1841 3113 1973 3186 quae-ut

218 3191 409 3264 raeceptum‚
427 3183 502 3246 licet
516 3198 579 3246 nou
594 3182 694 3262 pessit
718 3183 855 3263 perlecta
884 3181 1005 3262 impleri
1029 3182 1061 3244 in
1105 3181 1177 3245 linis
1192 3183 1394 3262 proponitur;
1409 3181 1481 3246 fluis
1496 3183 1579 3247 enim
1604 3183 1672 3247 siue
1687 3199 1833 3250 mensura
1848 3191 1968 3268 appeti·

194 3201 255 3364 Bac
268 3267 340 3342 vita,
354 3283 417 3330 uon
434 3273 535 3330 tamen
548 3265 650 3330 iacere
665 3264 938 3346 praevaricatores,
954 3263 982 3328 si
997 3281 1060 3331 nau
1107 3272 1167 3328 tur.
1181 3264 1283 3344 Quare
1302 3264 1334 3327 iu
1350 3264 1460 3328 ecdem
1474 3265 1544 3330 laea
1559 3281 1586 3329 s.
1601 3265 1734 3330 Thomas
1749 3267 1887 3346 affirmat,
1905 3271 1976 3335 nui-

195 3350 433 3496 ¹¹⁰ii⁰iillsa
448 3397 654 3512 laterna,
673 3429 898 3494 osannam
923 3435 971 3494 a
985 3429 1078 3494 aaa
1105 3348 1976 3516 ittotittlttttttltatttlttltlltt,littillrt

195 3514 258 3579 llus
272 3514 372 3579 modis
387 3529 481 3594 posse
496 3513 612 3594 aliquid
634 3514 784 3595 praecipi:
815 3513 881 3576 [lna
910 3513 1012 3590 modo,
1029 3519 1063 3576 ut
1108 3514 1302 3578 observetur.

197 3597 299 3662 salum
310 3597 465 3661 indicetur
478 3597 509 3660 id
524 3597 607 3677 quod
622 3595 797 3660 iaciendum
809 3601 867 3659 ast:
880 3594 1059 3672 Aliomoda,
1146 3595 1294 3674 Quocirca
1309 3598 1449 3660 remanet
1459 3593 1522 3676 J'am
1532 3611 1613 3660 'Suus
1628 3596 1716 3659 locus
1727 3597 1868 3664 consiliis
1879 3601 1975 3665 etiarn

196 3679 572 3760 ulindiaeturprceccplo
584 3677 615 3742 id
630 3677 713 3760 quod
728 3677 904 3743 laciendum
920 3684 1014 3755 est,ct
1027 3677 1062 3740 ss·
1106 3677 1185 3743 eirca
1207 3679 1267 3742 lace
1291 3684 1502 3758 praecaptum.
1518 3678 1592 3741 dam
1617 3678 1736 3744 etiamsi
1762 3679 1839 3744 nitril
1854 3685 1978 3763 possim

196 3763 259 3834 uis,
275 3761 366 3842 cuius
377 3763 472 3841 gralia
485 3761 518 3824 id
530 3761 704 3825 laciendum
720 3768 779 3826 est.
808 3760 840 3825 Si
870 3761 950 3825 dicat
964 3762 1061 3842 impe·
1106 3762 1221 3824 addere
1236 3761 1309 3823 huic
1323 3767 1666 3842 praeceptaquctenus
1680 3761 1917 3840 tunicatorum,
1931 3774 1976 3832 ta·

114 3912 115 3921 ,
196 3850 279 3909 rator
290 3845 441 3922 militibus
457 3889 465 3919 ,
481 3849 616 3925 pugnate
644 3845 791 3908 adversus
815 3843 899 3906 illam
928 3844 1058 3919 urbem,
1106 3859 1176 3906 men
1193 3859 1321 3924 passum
1336 3843 1450 3906 addere
1464 3849 1617 3922 quatenus
1632 3843 1747 3907 indicat
1766 3847 1902 3910 medium
1918 3867 1927 3911 ε
1944 3857 1977 3913 et

111 3960 113 3981 t
197 3927 427 3992 solcmlodicat
440 3927 471 3990 id
487 3925 827 4008 quodicoiendumcsl:
841 3928 951 3990 sivero
966 3926 1059 4002 dieat,
1104 3928 1132 3988 si
1148 3942 1209 3992 non
1225 3939 1398 4018 pecco,cx
1413 3927 1566 3990 sententia
1582 3927 1679 3989 sancti
1693 3927 1846 4006 Tuumne,
1866 3931 1892 3994 si
1909 3949 1977 3996 nnn
2034 4001 2035 4010 ,

198 4009 299 4092 capite
310 4009 394 4074 illam
409 4009 531 4085 urbem,
545 4008 662 4073 indicat
675 4010 757 4089 quod
778 4008 952 4072 laciendum
968 4015 1016 4073 est
1030 4015 1062 4072 el
1104 4025 1204 4072 amem
1219 4008 1330 4083 Deum,
1347 4007 1406 4071 nisi
1423 4023 1486 4090 uno
1498 4009 1594 4089 gradu
1609 4009 1733 4083 amoris,
1751 4017 1834 4074 certa
1849 4029 1913 4077 nou
1930 4023 1977 4078 te·

195 4091 291 4156 linem
307 4092 398 4155 eliam
412 4091 497 4176 illius
509 4091 625 4171 operis3
642 4091 725 4156 idam
740 4090 823 4154 enim
839 4097 899 4162 est,
914 4107 950 4153 aa
966 4092 992 4154 si
1014 4091 1059 4154 di·
1104 4106 1181 4156 neor
1195 4090 1227 4153 in
1242 4091 1344 4169 rigore
1360 4091 1492 4170 amptius
1506 4108 1608 4155 amare
1621 4110 1630 4170 3
1644 4094 1784 4172 implicat
1797 4095 1882 4158 enim
1898 4113 1975 4160 eau-

197 4181 293 4250 cerel,
311 4181 445 4256 pugna-te
460 4174 498 4237 ad
515 4175 598 4236 hunc
619 4172 724 4249 finem,
748 4180 780 4237 ut
794 4173 903 4238 urbem
919 4173 1058 4252 capiatis.
1105 4172 1420 4253 tradicticnem,quod
1436 4189 1498 4236 nan
1514 4190 1719 4254 peccem‚ann
1734 4174 1877 4240 lcaieado
1888 4181 1977 4256 quod
2034 4245 2035 4260 ,

197 4257 331 4322 lutercsl
344 4263 446 4322 autem
458 4257 587 4320 multum
600 4256 679 4320 inter
693 4257 750 4320 hos
761 4257 840 4321 duos
851 4256 961 4320 modos
974 4272 1062 4336 prae·
1105 4256 1206 4319 tacere
1222 4258 1423 4335 teneor3crgc
1439 4256 1465 4319 si
1480 4257 1590 4320 addam
1603 4257 1734 4321 alterum
1746 4259 1876 4338 gradum
1888 4278 1976 4328 amo·

198 4339 348 4418 ciplendi3
366 4357 435 4402 nam
451 4354 521 4402 eum
536 4339 723 4418 praecipitur
737 4340 839 4420 priora
854 4339 957 4413 modo,
974 4355 1061 4418 prce·
1105 4339 1149 4402 ris
1164 4383 1172 4412 ,
1188 4335 1258 4401 arira
1273 4339 1343 4417 plus
1368 4355 1460 4419 quam
1476 4345 1603 4416 teneor,
1620 4347 1712 4422 atquc
1732 4357 1771 4406 eo
1786 4345 1977 4410 modolacio

197 4420 481 4501 varicatareslmul
497 4437 559 4485 nou
574 4421 644 4485 lacit
655 4422 686 4485 id
701 4427 796 4486 tatum
812 4423 894 4502 quod
909 4422 1060 4503 praecipi·
1104 4427 1205 4485 aatum
1221 4421 1507 4501 supererogationis
1523 4428 1554 4486 et
1568 4424 1704 4487 consilii.
1809 4420 1811 4428 '

197 4509 346 4568 turanum
370 4519 445 4568 vero
468 4504 659 4584 praecipitur
679 4506 850 4585 posteriorc
874 4506 979 4580 modo,
996 4521 1060 4569 ncn
1144 4504 1982 4585 liemonstrarimusigitursenteaticrnistamPatrum,

197 4593 244 4649 est
260 4585 550 4666 praevaricatonqui
564 4603 627 4650 non
642 4586 752 4652 tacitid
766 4588 958 4669 tolum‚quod
971 4605 1060 4668 prae·
1102 4598 1165 4650 nou
1181 4601 1252 4650 esse
1266 4588 1447 4650 contrariam
1459 4589 1632 4652 sententiae
1643 4596 1766 4652 nostrae
1777 4591 1818 4652 ric
1829 4593 1976 4655 consiliis

196 4667 320 4748 cipitur,
337 4669 393 4733 sed
407 4669 435 4732 is
449 4673 551 4733 tamen
566 4671 857 4750 praevaricatcrcst.
871 4673 923 4751 qui
939 4686 1000 4734 non
1015 4669 1059 4734 iu·
1103 4668 1303 4750 evangelicis.
1330 4669 1417 4744 Quod
1445 4677 1547 4734 auteur
1573 4672 1650 4735 lraec
1670 4673 1827 4736 sententia
1854 4689 1917 4736 nan
1935 4675 1979 4738 sit

196 4751 238 4814 ait
252 4751 295 4829 id,
306 4751 397 4834 ,quad
412 4752 564 4815 iudicatur
577 4768 634 4833 per
647 4753 774 4818 modum
788 4753 884 4826 medii¹
898 4751 934 4817 cd
950 4753 1056 4830 finem.
1102 4753 1271 4816 conlormis
1285 4752 1399 4815 divinis
1413 4752 1522 4829 literis,
1538 4769 1609 4817 mox
1624 4755 1830 4820 ostendimus.
1844 4755 1900 4820 Est
1915 4759 1976 4838 ipi-

196 4833 398 4915 Praeceptum
413 4835 496 4899 enim
507 4835 632 4917 proprie
646 4853 708 4901 nou
737 4837 875 4920 obligat,
904 4843 1058 4918 quotanus
1103 4842 1152 4898 tur
1167 4835 1227 4898 aliu
1242 4835 1407 4908 sententia,
1424 4835 1513 4898 illud:
1529 4835 1583 4900 Em
1597 4843 1659 4900 loto
1673 4839 1781 4902 corde.
1798 4855 1861 4902 uon
1876 4841 1979 4920 signi·

194 4915 311 4984 indicat
322 4916 428 4996 Auem,
440 4918 495 4982 sed
511 4918 612 4983 solum
640 4923 793 5000 quatenus
816 4920 967 5000 praecipit
993 4932 1071 4983 nra·¹
1102 4917 1196 4981 sscare
1211 4933 1320 4982 omncs
1334 4924 1422 4982 actus
1436 4917 1550 4995 cordis,
1566 4921 1613 4983 rel
1628 4933 1751 4984 omnam
1768 4921 1979 4986 intentionem

198 4999 294 5064 dium.
310 5001 420 5082 llaque
435 5001 462 5066 si
476 5000 559 5066 dicat
573 5003 751 5084 imperator,
768 5007 914 5084 pugnate,
928 5008 1059 5081 peccaut
1103 5001 1288 5079 possibilem
1303 5048 1310 5075 ,
1327 5001 1369 5063 ita
1383 5008 1417 5063 ut
1431 5001 1621 5081 imperatur,
1638 5009 1672 5065 ul
1687 5005 1765 5066 nillil
1794 5006 1887 5068 carde
1904 5023 1979 5085 apa·

194 5082 321 5159 militas,
337 5086 364 5160 si
376 5099 438 5149 uon
453 5091 604 5166 pugnant3
620 5086 647 5148 si
662 5102 733 5151 vero
747 5085 868 5161 dixerit,
891 5085 992 5164 capite
1007 5101 1057 5147 ur-
1103 5099 1184 5159 mus,
1201 5083 1261 5146 uisi
1277 5083 1375 5146 Deum
1390 5084 1630 5164 diligercidquo
1645 5101 1765 5151 summa
1777 5087 1979 5152 vehementia

193 5162 278 5238 bem,
296 5174 504 5247 noupccaaul
533 5167 681 5233 siurbem
709 5185 771 5231 nan
801 5168 934 5249 capiant,
966 5167 1056 5230 modo
1100 5166 1980 5250 ,amarissedsolumutamemuslleumprcecipuoama·

193 5254 345 5326 pupueul,
361 5265 398 5313 ce
412 5250 579 5334 pugnaudo
605 5251 679 5315 doct
699 5267 826 5334 operam
854 5254 887 5320 ul
911 5250 994 5314 illam
1009 5267 1058 5314 co·
1104 5265 1150 5322 re,
1166 5248 1306 5329 nihilque
1321 5247 1364 5310 ilii
1380 5249 1411 5311 in
1425 5265 1529 5314 amare
1543 5247 1778 5330 anteponamus,
1791 5253 1843 5316 vel
1855 5270 1978 5334 aeque·

200 5327 296 5406 piant.
408 5373 414 5378 ,
981 5375 983 5378 -
1105 5347 1196 5405 mus,
1212 5348 1249 5394 ac
1264 5329 1396 5412 proinde
1411 5333 1511 5395 solum
1526 5332 1559 5397 in
1573 5334 1634 5397 lroc
1648 5342 1816 5415 praecepto
1831 5339 1978 5401 contine·

233 5409 337 5474 Patres
362 5409 455 5492 igitur
469 5419 562 5497 supra
586 5416 668 5480 citati
682 5463 691 5491 ,
706 5416 914 5498 Augustinus,
931 5416 1059 5479 Bernar-
1105 5421 1173 5477 atur
1187 5413 1220 5476 id
1232 5461 1240 5490 ,
1253 5415 1339 5494 quad
1367 5413 1539 5502 laciendum
1565 5423 1633 5492 est,
1650 5435 1714 5481 non
1740 5419 1832 5482 etium
1846 5419 1922 5483 linis
1935 5421 1979 5482 cb

192 5490 274 5567 dus,
291 5493 444 5569 Thomas,
461 5497 638 5562 existimant
661 5500 721 5563 lroo
736 5507 924 5582 praecepta:
940 5499 1059 5580 Dilipes
1106 5513 1198 5578 quem
1214 5495 1389 5561 laciendum
1413 5503 1473 5562 est.
1488 5497 1532 5561 tor
1546 5515 1608 5579 prro
1623 5508 1796 5582 sequautur
1812 5517 1868 5566 seu
1883 5505 1980 5584 quasi

190 5575 367 5642 dominum
391 5578 492 5642 licam
506 5585 599 5645 taum
620 5597 664 5646 cm
678 5587 742 5646 tcta
757 5585 855 5648 corda
870 5589 924 5646 lna
940 5629 949 5656 ‚
965 5581 1060 5644 simul
1106 5579 1278 5644 corollaria.

191 5659 336 5738 imperari
351 5659 488 5724 medium
503 5668 534 5724 el
550 5664 681 5727 iudicari
693 5665 834 5745 lincm3et
847 5667 919 5729 ideo
934 5665 1059 5736 docent,
1080 5666 1082 5676 '
1147 5660 1281 5725 Primum
1294 5661 1429 5739 est‚huic
1441 5669 1608 5743 praecepta
1619 5665 1771 5730 adversari
1785 5668 1890 5731 amnia
1903 5684 1980 5748 pec·
2034 5635 2035 5716 i

190 5757 252 5806 nou
268 5757 362 5823 posse
379 5741 500 5824 impleri
515 5745 652 5826 perlecta
668 5746 728 5812 lucc
742 5753 940 5832 praeceptum
955 5747 987 5812 in
1004 5747 1062 5812 lrao
1107 5750 1173 5810 cata
1188 5745 1348 5825 mortalia,
1365 5746 1436 5827 quia
1448 5747 1484 5814 ‚in
1500 5747 1582 5810 amni
1599 5755 1726 5830 peccato
1753 5751 1874 5816 mortali
1890 5759 1979 5818 aute·
