4056 6302
811 368 1131 461 avuansacavoas'
1240 396 1244 413 ·
1742 384 1780 444 aa

57 519 189 600 positus
205 519 371 602 appellavit
384 522 423 588 ad
437 517 651 588 innocentium
661 534 786 602 popum,
796 526 832 585 ut
842 525 937 586 testa·
981 521 1151 605 implicatio
1164 517 1428 586 contradictionis.
1446 516 1481 582 id
1493 521 1596 582 antam
1611 516 1713 598 sequi,
1728 517 1788 584 bac
1801 535 1851 582 ra·

58 611 113 665 tur
136 603 294 681 dolosius,
309 605 364 668 ubl
380 621 488 686 supra,
504 605 631 668 elidem
646 603 803 686 colligitur
817 617 856 668 ex
871 603 937 688 epi·
980 606 1066 687 tioue
1089 605 1275 684 ostenditur,
1303 617 1443 666 summus
1466 599 1625 686 punillam,
1647 615 1725 664 ¹cam
1750 617 1785 664 se
1811 618 1849 666 ac

56 685 155 749 stolis
172 685 386 768 chrysostomi
403 687 442 751 ud
456 687 685 750 Innocentium.
762 741 767 750 .
981 702 1069 753 suam
1094 703 1235 752 caussam
1243 683 1363 766 judicio
1378 684 1512 765 aiicujus
1527 681 1700 756 committit,
1716 698 1782 746 uon
1796 682 1850 747 dc·

101 767 258 833 Probatur
272 770 392 848 quinto.
409 785 448 832 eu
461 768 684 850 approbatione
699 772 731 832 et
743 765 936 850 reprobatio·
979 771 1048 834 linit
1062 785 1133 833 esse
1149 785 1239 848 papa,
1255 783 1330 850 ergo
1342 783 1401 831 nec
1413 766 1521 832 deilnit
1533 779 1605 851 csse
1617 763 1759 848 superior
1770 779 1849 843 quu-

56 865 104 912 ue
127 851 352 930 conciliorum3
374 850 450 915 Num
469 851 573 916 omnia
597 855 782 913 revocantur
810 850 934 926 tandem
977 857 1115 934 'cumque
1140 849 1325 914 Christiano.
1340 849 1378 914 At
1392 847 1597 913 nibilominus
1612 865 1675 911 non
1692 852 1740 909 est
1754 863 1848 926 supe·

57 933 101 993 ud
125 947 258 996 examen
277 934 398 996 romani
420 929 587 1013 pontilicis,
604 939 635 995 et
649 947 729 1012 quac
743 929 798 993 ilic
813 931 933 1011 probat,
976 937 1053 1009 rior,
1080 935 1137 998 scd
1160 933 1299 1008 interior,
1316 931 1343 996 si
1358 933 1427 1016 cogi
1442 935 1556 1012 potest:
1574 930 1633 994 erit
1646 927 1740 1012 igitar
1755 929 1852 994 simul

58 1013 272 1094 recipiuntur,
290 1031 370 1097 quac
385 1015 537 1096 improbat
551 1013 744 1095 rejiciuntur,
760 1017 936 1078 attestatur
978 1016 1121 1098 superior
1136 1022 1166 1079 ct
1179 1031 1244 1078 non
1259 1015 1414 1095 superior.
1480 1082 1482 1092 χ
1680 1077 1684 1087 ,

57 1093 211 1159 Gelasius
231 1097 265 1159 in
287 1094 396 1160 eadem
418 1095 547 1176 epistola
570 1097 607 1158 ud
630 1097 799 1176 episcopos
821 1095 935 1157 Darda·
1020 1099 1165 1164 Secunda
1178 1113 1251 1180 pars
1264 1102 1347 1176 patet
1361 1112 1398 1163 ex
1410 1095 1494 1158 sixto
1505 1093 1563 1163 itt.
1574 1091 1679 1156 leone
1691 1089 1747 1155 ill.
1762 1089 1849 1174 Sam·

57 1177 148 1242 uiue.
172 1175 211 1241 lit
231 1177 359 1260 quidem
382 1178 465 1264 quud
479 1177 517 1240 uri
534 1178 716 1258 petitionem
731 1175 934 1256 conciliorum
980 1181 1102 1257 macho,
1120 1179 1223 1242 Leone
1237 1178 1288 1241 tv.
1305 1187 1336 1242 et
1350 1177 1432 1252 aliis,
1454 1172 1507 1257 qai
1523 1192 1594 1239 cum
1609 1180 1842 1258 accusarentur,

58 1259 287 1340 approbaverit
308 1259 446 1342 pontiieir
460 1256 556 1322 multa
571 1258 716 1334 concilia,
730 1265 814 1339 patet
831 1273 868 1322 ex
882 1271 936 1336 ge·
980 1276 1108 1326 caussas
1122 1277 1195 1324 suus
1208 1261 1240 1323 in
1253 1253 1732 1339 concilioepiscoporumdiscatl
1743 1257 1849 1319 volae·

58 1343 121 1405 stis
147 1342 228 1424 ipsis
249 1342 477 1420 conciliorum,
499 1343 669 1424 praecipue
690 1341 717 1404 l.
740 1339 781 1405 ii.
803 1339 860 1406 iii.
882 1337 934 1404 ii.
979 1351 1062 1416 runt,
1078 1349 1113 1408 ut
1127 1347 1211 1424 patet
1225 1359 1264 1406 ex
1280 1357 1349 1405 can.
1366 1339 1543 1412 Mandanae,
1559 1339 1589 1401 ei
1603 1353 1672 1400 can.
1686 1335 1845 1416 Auditum,

56 1430 91 1488 et
114 1421 169 1486 ti.
624 1489 627 1498 ,
978 1427 1010 1489 2.
1038 1431 1159 1507 quaest.
1187 1425 1218 1488 5.
1246 1428 1277 1488 et
1302 1439 1340 1488 ex
1354 1421 1488 1486 concilio
1505 1419 1556 1482 iv.
1573 1419 1633 1484 strb
1647 1419 1846 1502 Symmachm

103 1502 197 1579 Quod
219 1508 321 1570 autem
348 1503 512 1586 pontiiiecs
541 1503 709 1586 aliquando
731 1503 934 1588 conciliorum
981 1502 1333 1590 quos'tameoepiscupi
1345 1503 1487 1585 judicare
1502 1501 1571 1566 ausi
1587 1499 1848 1566 nonsaut.llnde

59 1587 190 1650 decretu
213 1587 457 1668 reprobaverint,
481 1587 563 1669 quod
586 1593 634 1650 est
654 1590 795 1667 apertum
811 1588 935 1666 signum
979 1589 1013 1652 in
1038 1589 1171 1653 concilio
1198 1587 1249 1652 ili.
1277 1588 1337 1652 sub
1362 1585 1560 1667 Symmacho,
1585 1585 1695 1645 omues
1711 1581 1852 1662 episcopi

59 1659 306 1744 sancitoritatts
330 1685 368 1734 ex
388 1667 502 1732 Basilio
523 1674 617 1756 patet,
636 1669 689 1748 qui
706 1669 737 1730 in
754 1669 883 1812 epistola
897 1667 935 1729 ad
980 1691 1051 1736 cam
1064 1669 1279 1749 subscribunt,
1290 1666 1454 1746 affirmant,
1465 1683 1500 1729 se
1512 1671 1608 1729 tolum
1620 1663 1773 1746 iudicium
1783 1665 1849 1728 lieu

58 1751 278 1826 Athanasium,
303 1757 384 1832 qaue
406 1757 455 1814 est
475 1751 527 1814 52.
551 1749 670 1824 scribit,
687 1751 775 1813 vider
796 1751 864 1813 sibi
880 1749 936 1810 bu·
981 1757 1170 1836 relinquero.

59 1848 153 1908 uum,
172 1839 206 1895 ut
221 1839 347 1916 rogetur
360 1848 507 1896 romanus
523 1833 703 1914 episcopua,
721 1839 754 1894 at
769 1833 866 1894 mittut
883 1829 936 1892 aii·

61 1931 147 1994 opnos
162 1913 196 1977 in
212 1913 385 1990 Graeciam,
402 1915 456 1996 qui
471 1913 541 1996 ejas
557 1917 683 1977 nomine
698 1915 817 1977 irritent
831 1914 937 1976 conci·
1432 1919 1435 1926 “

59 1998 138 2058 lium
150 1997 429 2076 arimlncusc.lpse
442 1997 691 2060 etiamtiamasus
704 1999 735 2060 in
749 1991 879 2077 epistola
897 1992 939 2058 ati
1028 2015 1031 2023 ·
1306 1991 1427 2060 enada
1447 1993 1529 2056 xiii.

62 2080 238 2160 episcopus
259 2079 357 2162 Illyrii
374 2080 519 2157 reprobat
534 2077 700 2141 concilium
717 2077 813 2141 illud.
824 2077 936 2140 Simili·

63 2163 112 2224 ter
137 2160 204 2223 beo
228 2161 262 2222 iu
287 2161 380 2238 epist.
403 2159 455 2238 55.
472 2161 508 2224 ad
524 2159 730 2242 Ppicbcrlam:
750 2159 937 2224 demensio·
1065 2160 1246 2228 Soluactrvr
1265 2163 1463 2242 orpamcoiu
1483 2156 1765 2222 adamantinorum.

60 2257 134 2316 nes,
152 2242 265 2322 inquit,
281 2243 519 2324 cpiscoporum,
536 2257 704 2306 eunocum
718 2244 811 2323 opud
824 2241 937 2306 llicuc·
1579 2249 1584 2270 ¹
1800 2251 1802 2258 ‘

61 2339 120 2386 cm
143 2312 355 2398 conditur-um
368 2325 490 2406 reperite
504 2331 738 2408 repopocntes,
753 2325 939 2388 interitum
1025 2322 1178 2406 Superest
1202 2329 1389 2410 argumenta·
1410 2323 1545 2386 scivere.
1570 2317 1611 2387 bc
1626 2319 1760 2399 primum
1775 2313 1853 2412 ller-

58 2407 237 2490 marronae,
265 2405 294 2467 et
316 2418 378 2484 per
402 2409 629 2470 auctoritatem
652 2405 681 2468 b.
698 2405 786 2470 Pet-ri
800 2407 939 2484 aposloli
983 2423 1115 2472 munaus
1141 2407 1197 2472 lib.
1222 2407 1252 2471 3.
1280 2425 1349 2486 cap.
1365 2405 1417 2470 ld.
1434 2399 1855 2489 prolegomenorttm'ubjicrt

61 2487 220 2566 perterruit
244 2501 381 2566 prorsas
406 2485 595 2567 &dubiusve
616 2502 794 2552 cessurnico.
811 2489 846 2550 B.
866 2487 937 2551 Gru·
984 2487 1857 2572 uliquoteuempluvetcmm.Secundoavgumantaqnae·

60 2571 171 2647 gorius
187 2569 245 2632 lib.
262 2567 293 2630 i.
312 2572 403 2649 epist.
421 2569 472 2634 34.
490 2569 827 2649 concremantibus
846 2569 938 2634 itlius
983 2573 1057 2638 dam.
1069 2589 1106 2638 en
1121 2573 1272 2638 dorsone.
1288 2566 1391 2635 Tertio
1404 2567 1487 2632 aliud
1501 2567 1657 2650 quoddam
1669 2581 1707 2630 cx
1718 2563 1853 2630 concilio

61 2651 213 2731 synodi,
239 2652 317 2716 aede
342 2653 585 2735 contradicente
610 2651 804 2732 apostolico,
830 2653 939 2716 solatio
981 2653 1166 2720 basileensi.
1381 2667 1384 2676 ·

61 2739 155 2796 aaut.
239 2735 244 2742 '
553 2732 568 2812 ¹,
1024 2737 1160 2801 Primum
1187 2734 1365 2816 exemplum
1385 2737 1435 2796 est
1453 2725 1636 2808 llareeilini,
1654 2725 1755 2810 quiin
1778 2743 1853 2790 con·

983 2819 1055 2884 cilio
1081 2821 1272 2900 sinuessano¹
1292 2817 1330 2879 ub
1346 2815 1505 2896 episcopis
1521 2807 1694 2884 damnatas,
1712 2815 1741 2872 et
1756 2807 1851 2889 depo·

388 2892 638 2960 captatam:
688 2915 693 2922 ·
982 2903 1060 2964 situs
1085 2897 1366 2980 iuit..1iespondco
1393 2898 1506 2976 primo:
1521 2893 1734 2984 Mareellinam
1750 2890 1850 2954 inisse

391 2991 393 2998 ’
442 3011 446 3018 ·
928 3049 933 3063 ,
983 2990 1161 3048 accusatum
1177 2977 1217 3046 d'e
1233 2981 1302 3044 actu
1317 2979 1520 3053 infidelitatis,
1536 2977 1568 3040 in
1587 2991 1647 3055 nuo
1660 2989 1733 3038 casn
1747 2979 1850 3054 potest

142 3057 339 3141 Pontificem
357 3057 427 3124 uon
439 3073 533 3142 posue
547 3057 705 3142 subjicere
718 3062 864 3146 seipsam
982 3066 1150 3129 concilium
1162 3065 1319 3128 discutere
1335 3073 1477 3136 caussam
1493 3055 1660 3140 pontificia,
1678 3063 1709 3120 al
1723 3057 1748 3119 si
1764 3053 1850 3118 inve·

145 3152 148 3160 ·
203 3142 806 3209 centmvticccooeticoccoucv'lc'orrrm.
883 3157 888 3168 ·
984 3135 1058 3224 nial,
1084 3161 1191 3224 revera
1212 3146 1283 3210 esse
1298 3145 1468 3214 inlidetem'.
1487 3147 1588 3222 potest
1603 3140 1761 3203 declarare
1777 3153 1848 3200 cum

369 3235 371 3242 '
804 3223 807 3235 '
836 3241 840 3250 ’
984 3245 1056 3294 esse
1073 3235 1154 3294 extra
1170 3227 1352 3302 Ecclesium,
1370 3233 1401 3290 et
1415 3227 1461 3288 sic
1477 3226 1634 3288 damnare.
1649 3221 1793 3284 Secundo
1806 3220 1851 3282 di·

104 3305 221 3384 Quarta
243 3303 426 3388 propositio.
452 3305 606 3370 Socraticae
625 3309 778 3390 penetrem
796 3297 866 3372 roua
880 3321 940 3450 fic·
984 3329 1033 3376 co:
1050 3309 1222 3392 Episcopus
1238 3309 1364 3392 quidem
1380 3307 1544 3372 damnasse
1556 3303 1779 3370 llorcciiinuvn,
1794 3301 1850 3364 sed

65 3393 124 3450 test
150 3389 495 3468 conuitiorumque
521 3386 670 3474 concillo,
686 3391 870 3472 nequeatis·
906 3391 940 3450 ὸ*-
984 3389 1089 3474 postca
1104 3383 1849 3474 quamipscprimusseipscdonrnareratidcst.

64 3469 153 3532 minc·
177 3483 284 3550 aarpru
304 3469 517 3548 sepedictam
532 3463 724 3547 coucttoalov,
738 3473 797 3537 aed
811 3477 941 3536 toulant
983 3472 1178 3540 abdicaverat
1203 3491 1238 3537 se
1262 3473 1462 3554 pontificatu,
1482 3485 1555 3556 nam
1577 3474 1776 3564 uuteasaepe
1789 3465 1850 3529 cio·-

65 3551 291 3614 umanum.
317 3549 403 3626 Nota,
430 3551 464 3614 in
482 3553 602 3632 Jndicio
617 3556 754 3636 perlecto
769 3554 832 3619 duo
847 3561 940 3634 duae·
985 3559 1151 3623 inurerent:
1174 3557 1288 3622 Primo
1301 3558 1391 3620 aedes
1407 3550 1574 3617 carmine
1583 3545 1801 3632 jrrarcctitor,
1818 3553 1856 3610 tra

66 3635 139 3696 dam
155 3634 301 3713 reperiri.
317 3631 432 3708 Primo,
450 3641 635 3712 potestatem
650 3629 837 3710 discutiendi
852 3650 941 3700 caus·
984 3641 1072 3716 reae,
1097 3647 1133 3703 ter
1151 3639 1283 3718 jadon.
1299 3633 1371 3715 uoti
1396 3635 1524 3699 anubis
1533 3631 1685 3714 iudicari
1700 3637 1759 3710 etc.
1776 3626 1853 3694 lide

66 3731 154 3780 sam.
177 3721 212 3778 et
232 3715 432 3778 discernendi
454 3731 490 3780 ac
508 3716 673 3788 indicandi
689 3719 764 3798 qnid
786 3718 939 3798 agendum
985 3719 1230 3787 Memnoniis
1248 3715 1604 3800 epistadldicbdelem.
1688 3737 1690 3742 ·
1777 3791 1786 3803 .
1919 3781 1921 3786 ,

67 3799 119 3861 sit.
138 3797 300 3872 Secundo,
317 3803 502 3876 potestatem
517 3801 650 3879 cogendi
666 3815 749 3877 eum,
763 3803 816 3878 oui
829 3800 942 3863 cecidit
1027 3804 1204 3868 secandum
1220 3799 1395 3880 exemplam
1410 3795 1649 3864 estldeichiadis
1661 3809 1772 3876 papae,
1786 3798 1856 3873 post

69 3879 240 3952 caussa,ad
252 3879 529 3960 obtemperandum
544 3883 715 3948 sententiae
729 3889 833 3945 contra
849 3897 884 3944 sc
898 3882 942 3943 lu·
986 3877 1268 3968 caiussententla'm
1278 3882 1426 3964 iudicarit
1438 3883 1567 3946 eundem
1581 3895 1723 3942 caussam
1734 3875 1856 3956 episco-

71 3968 132 4022 tac.
159 3959 329 4038 Utrumque
354 3963 510 4024 iuvenitur
532 3961 562 4024 lu
583 3965 688 4043 jndice
704 3965 941 4046 proprie'dicto,
986 3982 1046 4048 pus
1072 3968 1265 4044 arelatensis,
1296 3972 1330 4027 at
1351 3965 1485 4034 iestatur
1509 3961 1699 4040 augustinus
1714 3961 1745 4021 in
1762 3959 1856 4038 epist.

69 4043 177 4122 quatis
202 4049 249 4104 est
265 4043 422 4122 princeps
437 4046 487 4106 vel
501 4052 654 4124 praetera
671 4047 812 4126 principe
827 4037 942 4108 causti·
989 4043 1060 4112 iiie.
1076 4051 1113 4111 ad
1130 4049 1268 4111 Gloriam
1284 4054 1315 4112 ut
1330 4045 1500 4120 iliensium,
1516 4045 1572 4105 ubi
1589 4045 1681 4106 ettam
1697 4041 1782 4103 addit
1796 4037 1857 4100 Aa·

71 4133 170 4186 tutus.
194 4122 333 4186 Primum
356 4129 457 4188 autern
474 4127 577 4187 scium
593 4130 746 4210 reperitur
760 4129 791 4188 in
808 4127 943 4204 arbitris,
960 4201 964 4208 .
988 4133 1143 4210 gostinus:
1170 4129 1262 4207 acco,
1289 4129 1400 4208 inqrrit,
1420 4133 1573 4208 patronas
1586 4125 1660 4187 illos
1676 4123 1854 4202 epiecopus,

73 4219 208 4285 quorum
226 4207 398 4269 sententiae
412 4204 503 4273 eiiam
516 4209 543 4270 si
556 4199 718 4298 teneantur
730 4211 874 4272 homines
886 4215 945 4270 sta·
990 4213 1048 4296 urci
1060 4213 1435 4294 uoorocpoutccoerune,
1448 4203 1767 4287 racbboooap'udicea
1777 4203 1858 4282 faia·

71 4303 107 4350 rt·
134 4303 175 4350 ex
193 4287 265 4366 jure
280 4293 419 4359 titium,
436 4289 506 4368 qula
523 4295 665 4357 terremur
679 4303 801 4354 servare
816 4285 946 4380 promls·
990 4311 1035 4358 ac.
1061 4295 1334 4359 ilestobotudbrcc
1373 4293 1538 4358 terrarium
1552 4281 1861 4352 bcc'lesa'uercnc'cer·

74 4385 121 4446 sa3
148 4384 213 4464 uon
238 4375 340 4432 mmeu
355 4385 394 4432 ex
407 4371 436 4433 vi
451 4372 635 4450 sententiaa,
652 4373 722 4456 quia
739 4389 801 4436 non
816 4377 949 4456 possunt
990 4395 1048 4458 uae
1060 4364 1863 4460 coeciliumpaba'oroomeamipsiciudc‘clbuacut'ta3

73 4451 324 4531 fltblltlssoitert·
623 4525 627 4536 ,
910 4469 913 4474 “
992 4479 1031 4524 ao
1050 4459 1159 4540 'poseat
1184 4458 1315 4538 oplioni.
1340 4454 1521 4538 'desinente
1537 4449 1864 4538 iooteuraecunotctr

113 4531 186 4594 Jtffl
212 4547 286 4618 &itit
308 4533 948 4618 summuspontitexnonputestjudtccm
994 4548 1107 4618 escunt,
1126 4532 1658 4605 ouurmacrrtebrtcesolverentur.
1796 4607 1804 4626 .
1849 4601 1852 4610 ,

73 4613 206 4696 pruprle
230 4613 346 4676 “illum
369 4631 462 4694 supra
485 4632 520 4678 ⁵⁰
541 4621 743 4692 issssslilueitt,
760 4621 815 4683 sed
832 4626 950 4680 tantum
1034 4623 1243 4703 Respondeoz,
1261 4615 1305 4686 riri
1327 4624 1403 4684 illud
1419 4623 1458 4684 dc
1472 4619 1622 4698 episcopo
1639 4610 1805 4696 arelatensi
1822 4625 1860 4673 cx

75 4695 310 4782 quodammodo
333 4695 477 4784 arbitros,
501 4713 632 4776 quorum
655 4702 828 4780 sententiae
843 4701 869 4762 si
886 4715 949 4761 non
995 4703 1107 4769 eodem
1122 4707 1292 4785 Augustino
1309 4707 1436 4780 ibidem,
1447 4716 1515 4764 cam
1530 4707 1670 4762 caussam
1687 4694 1796 4759 iterdm
1811 4693 1863 4773 ju·

75 4777 353 4856 obtemperaverit,
374 4780 467 4842 iaciat
483 4779 566 4860 quud
583 4799 644 4845 nun
661 4783 765 4860 debet,
780 4788 840 4846 uon
851 4784 952 4844 autern
997 4789 1129 4850 dirutum
1144 4787 1416 4866 trassamundum
1432 4787 1600 4865 oporteret,
1614 4779 1669 4843 sc'd
1684 4775 1754 4858 quia
1766 4775 1863 4840 voluit

74 4859 160 4940 quod
180 4875 241 4920 nun
257 4867 373 4938 potest.
861 4937 864 4946 ,
935 4869 938 4880 '
997 4861 1164 4945 imperator
1178 4870 1378 4948 acquiescere
1390 4863 1571 4937 Donatistis,
1586 4861 1764 4943 petentibus
1777 4857 1862 4950 aliud

116 4941 221 5004 Prima
248 4957 320 5020 pars
346 4941 511 5020 probatur.
531 4941 645 5016 Primo,
663 4947 733 5025 outa
749 4951 887 5026 potestas
901 4957 953 5024 pu·
976 4951 1160 5032 'judicium
1187 4952 1213 5014 si
1239 4951 1320 5026 torte
1337 4955 1371 5012 in
1388 4949 1511 5012 dnobus
1524 4943 1650 5026 judiciis
1666 4939 1862 5004 condemnati

77 5039 137 5104 pue
166 5037 264 5100 super
288 5039 411 5102 omnes,
430 5032 477 5086 est
494 5025 616 5106 dejure
632 5029 747 5099 divino,
764 5033 905 5110 atpatct.
922 5022 957 5086 iit
1001 5039 1194 5098 struerentur.
1211 5031 1255 5106 Ad
1270 5021 1348 5107 artua
1362 5033 1400 5095 de
1412 5027 1549 5114 generali
1564 5023 1696 5088 concilio
1709 5023 1790 5100 dico,
1804 5025 1864 5088 Ara·

78 5119 142 5166 non
159 5111 266 5184 potest
282 5119 358 5184 papo
375 5108 560 5186 dispensare
577 5107 692 5190 injure
707 5109 822 5172 divino.
839 5107 955 5171 Secari-
1001 5113 1158 5196 guatinum
1184 5124 1247 5176 non
1263 5113 1406 5178 oduierrc
1420 5127 1530 5194 papum
1546 5110 1615 5172 sine
1626 5107 1775 5179 concilio,
1794 5119 1863 5174 cum

79 5187 131 5260 do,
156 5187 236 5272 'quia
253 5203 313 5249 non
330 5189 578 5269 potcstinterior
593 5189 786 5254 committere
799 5191 893 5277 ¹alicui
907 5190 956 5270 ju·
1002 5196 1135 5261 concilio
1161 5196 1230 5273 sine
1255 5207 1346 5276 papa,
1363 5202 1396 5258 ut
1411 5197 1468 5258 n'os
1482 5193 1574 5257 modo
1586 5185 1791 5264 sociauimus,
1808 5186 1865 5248 sed

80 5268 203 5332 dicium
219 5277 410 5355 reservatum
426 5271 593 5352 superiori.
606 5273 672 5338 iton
686 5274 882 5354 enimpotcst
893 5266 956 5352 epi·
1002 5277 1143 5340 conterre
1169 5273 1335 5341 concilium
1361 5276 1564 5358 particulare,
1575 5275 1623 5336 ont
1639 5271 1757 5354 praesit
1771 5279 1809 5350 pu
1835 5283 1866 5340 a,

79 5365 203 5432 scupus
218 5352 413 5436 committere
429 5367 489 5416 suo
506 5356 758 5434 poenitentialia,
771 5358 806 5439 ut
820 5353 959 5428 absolvat
1004 5377 1074 5422 cum
1090 5360 1221 5427 concilio
1236 5358 1387 5438 p'cncrali,
1403 5361 1453 5438 oui
1468 5362 1559 5442 etium
1576 5349 1690 5436 praesit
1705 5365 1797 5432 papa.
1810 5282 1867 5412 Bo-

80 5433 112 5495 in
125 5430 258 5495 casibus
272 5436 441 5496 reservatis
454 5449 565 5521 papae.
583 5434 783 5521 dijudicium
799 5424 833 5519 iti
847 5434 955 5498 caussa
1003 5449 1062 5504 resa
1072 5445 1174 5504 autem
1186 5437 1253 5504 siric
1267 5439 1362 5520 dabie
1396 5453 1485 5504 aussu
1496 5435 1634 5521 iudicata
1646 5450 1661 5496 a
1673 5431 1820 5515 pontilicc
1835 5427 1868 5510 ln

84 5511 246 5608 limilffilis
261 5521 310 5577 0⁵²
325 5523 513 5606 isssssslttlitm
529 5502 608 5591 Deo.
625 5526 658 5583 ul
672 5529 765 5603 sttprt
781 5515 956 5606 placuimus,-
999 5525 1142 5588 ’concilio'
1156 5523 1334 5604 particulari
1348 5571 1356 5597 ,
1372 5458 1489 5602 'lterum
1506 5523 1543 5583 ab
1560 5517 1669 5582 codem
1684 5514 1820 5600 judicari
1835 5513 1868 5606 iti

81 5594 200 5670 'lertro,
217 5598 301 5676 ,quia
327 5605 513 5676 sequeretur
535 5615 645 5680 papum
662 5615 733 5664 esse
750 5599 957 5681 superiorem.
1006 5606 1139 5668 concilio
1155 5597 1503 5684 gencraii,'praese'rtim
1515 5601 1547 5666 in
1560 5599 1773 5684 quaestionum
1786 5595 1863 5658 iactr.

84 5686 114 5743 ct
140 5693 206 5740 nun
233 5679 440 5755 superiorem.
465 5689 613 5762 respectu
642 5684 796 5765 ejusdcm,
819 5697 898 5762 qaue
914 5692 962 5746 cat
1008 5703 1087 5766 oriae
1113 5688 1229 5766 pendet
1244 5701 1282 5750 ex
1297 5687 1573 5760 informationibus,
1597 5682 1675 5748 etiu
1690 5695 1751 5764 qua
1766 5689 1867 5742 errare

143 5773 327 5830 Bructerum.
341 5774 401 5836 ttot.
417 5776 450 5833 ii.
1541 5781 1575 5835 ld
