4110 6310
267 321 322 388 060,
821 333 824 340 ’
873 319 916 374 llll
935 316 1104 386 truttotrlts
1125 315 1323 374 attitulavit

199 454 523 540 sequaturvencrati03
539 452 837 528 venerationiautem
852 452 956 514 nullus
971 451 1057 516 adbi·
1097 453 1186 531 iussu
1202 451 1314 512 iuliani
1337 455 1492 528 apostalae
1521 451 1669 532 reliquiae
1699 455 1796 518 sancti
1828 454 1972 536 Babylac

198 543 289 606 betur
302 541 424 615 modus,
441 538 515 617 quin
530 537 630 600 statim
651 538 750 599 honor
762 540 882 599 Christo
897 535 1019 598 debitus
1035 536 1057 598 i·
1103 534 1266 596 translatae
1283 533 1416 604 luerunt,
1430 551 1508 614 quae
1521 535 1677 596 translatio
1692 555 1763 599 cum
1777 555 1897 600 summa
1916 553 1974 600 cc·

198 625 267 706 psis
279 625 436 685 tribuatur.
452 621 487 682 ld
503 621 585 699 quod
601 619 787 699 experientia
805 625 956 696 testatur3
989 635 1058 680 nam
1103 617 1244 678 lebritate
1266 616 1340 678 lacta
1357 623 1404 677 ost
1425 619 1505 678 circa
1527 635 1640 679 annum
1652 619 1772 682 liomini
1787 621 1859 684 363.
1877 621 1925 682 Eo
1940 636 1976 683 e·

200 709 233 770 in
248 707 370 786 signum
382 703 529 774 solemnis
541 702 737 776 adorationis,
751 703 831 764 cerci
847 717 930 762 nuno
945 701 1058 778 passim
1106 701 1168 760 nim
1185 709 1319 776 ternpore
1334 697 1473 772 Julianus
1489 703 1657 776 imperarit,
1671 709 1704 764 ut
1715 711 1841 766 sanctus
1856 704 1975 765 tliero·

201 789 410 852 accenduntur
423 801 524 847 coram
536 791 700 866 martyrum
713 782 1059 864 scpulcbris.Etconlrr·
1105 799 1216 860 nyrnus
1233 787 1358 842 testatur
1380 783 1408 842 in
1428 781 1591 844 Chronico:
1609 799 1671 846 non
1684 801 1757 864 ergo
1772 803 1878 849 rerum
1903 793 1970 856 cst,

201 878 312 949 matur3
328 885 397 931 nam
411 868 615 947 Hieronymus
639 867 799 948 abjicienti
814 865 973 946 ligitanlio
989 882 1059 928 csse
1105 865 1186 943 quod
1204 864 1398 942 scripserunt
1411 865 1693 944 blagdeburgenses
1709 867 1873 931 Contenti.
1891 875 1923 930 ot
1939 869 1975 933 6.

201 953 406 1017 idololatriam
418 953 588 1013 accendere
604 966 711 1013 cereos
726 965 827 1011 coram
840 949 991 1026 reliquiis,
1015 948 1061 1009 ni·
1140 945 1206 1008 Sed
1220 963 1321 1024 neque
1337 954 1385 1008 est
1406 964 1522 1023 rerum,
1539 948 1620 1027 qnod
1645 949 1678 1011 in
1700 950 1757 1012 ista
1773 950 1919 1014 centuria
1938 952 1975 1015 ι.

204 1035 250 1098 bil
261 1035 344 1096 aliud
358 1034 546 1112 respondere
562 1032 668 1111 potuit,
684 1048 773 1111 qnam
790 1031 820 1092 id
835 1031 937 1092 iacere
959 1031 1059 1093 sotum
1105 1028 1223 1106 dicunt3
1242 1045 1310 1098 nam
1326 1028 1356 1090 in
1382 1029 1535 1094 additione
1551 1030 1588 1092 ad
1603 1031 1733 1110 primam
1762 1032 1940 1096 Centuriam
1958 1082 1968 1112 ,

208 1117 500 1194 mulierculas‚quae
512 1117 610 1178 zelum
621 1114 805 1190 habent,sed
818 1129 879 1188 non
890 1115 1061 1176 secundum
1104 1114 1136 1172 tn
1152 1111 1210 1174 rita
1221 1113 1317 1172 saneti
1333 1111 1443 1180 Lucae.
1460 1112 1592 1174 latentur
1603 1115 1696 1190 iidem
1712 1114 1943 1180 Centuriatores
1962 1165 1972 1189 ,

207 1200 380 1276 scientiam.
396 1198 516 1272 Addere
545 1213 710 1276 possumus
731 1195 896 1258 concilium
923 1196 1056 1258 oliberti·
1104 1200 1174 1255 unte
1193 1200 1327 1272 tempora
1342 1193 1454 1256 iuliani
1470 1195 1565 1257 luisse
1581 1199 1742 1260 translatas
1758 1215 1881 1261 summo
1896 1216 1973 1261 cum

205 1299 292 1360 num,
306 1279 375 1344 cari.
391 1279 442 1343 ot.
459 1280 648 1354 ubidicitur,
664 1278 818 1360 eiusmodi
830 1278 928 1340 cereis
939 1285 1058 1341 sancto·
1106 1277 1223 1338 bonore
1238 1277 1383 1356 reliquias
1396 1279 1492 1339 sanati
1507 1279 1645 1340 Andreae
1671 1287 1703 1342 et
1725 1297 1752 1342 s.
1768 1279 1870 1344 Lucae
1885 1281 1970 1343 Con-

203 1383 272 1428 rum
287 1363 412 1443 spiritus
432 1362 606 1442 iuquietari;
622 1367 653 1424 ct
666 1361 880 1442 augustinum,
897 1361 949 1438 qui
964 1361 1061 1424 lib.de
1106 1361 1336 1437 stanttnopolim
1352 1377 1367 1420 a
1383 1359 1582 1422 Constantino
1597 1361 1791 1441 imperatore,
1809 1370 1841 1424 ut
1852 1365 1886 1427 b.
1897 1365 1971 1428 llic·

206 1447 345 1511 moribus
358 1444 516 1510 Ecclesiae
532 1462 600 1525 cap.
614 1444 867 1530 ibrcprebandit
884 1444 1062 1522 sepulchro·
1105 1458 1252 1521 ronpuus
1264 1447 1392 1504 testatur
1403 1442 1481 1503 libro
1497 1449 1599 1505 contra
1617 1445 1821 1526 vigilantium.
1844 1451 1845 1456 ’

206 1547 275 1594 rum
291 1530 477 1593 adoratores.
707 1553 709 1560 ι
794 1533 831 1556 ·,
929 1584 931 1590 ,
1146 1523 1305 1586 Praeterea
1320 1523 1444 1588 deutur.
1467 1523 1498 1588 2.
1515 1541 1582 1606 cap.
1599 1525 1629 1602 3,
1644 1527 1703 1590 ool.
1721 1527 1972 1610 3t.etsequen-

246 1612 403 1689 Quintum,
419 1609 491 1690 quia
503 1607 631 1672 maxima
652 1622 725 1690 pars
739 1607 1062 1688 reliquiarumsuppo·
1105 1603 1189 1672 tibus
1204 1607 1341 1669 referunt
1355 1607 1392 1670 ad
1407 1607 1532 1670 verbum
1549 1625 1587 1670 err
1602 1609 1861 1674 historiadusebii
1878 1611 1974 1675 libi.

208 1693 302 1763 sititia
313 1700 372 1770 est,
389 1697 419 1755 et
439 1707 533 1770 saepe
545 1690 707 1766 accidit,ut
720 1708 775 1772 pro
789 1690 930 1769 reliqniis
943 1697 1063 1754 sancto·
1108 1705 1176 1768 cap.
1192 1689 1240 1750 16.
1258 1690 1420 1768 epistolam
1437 1691 1587 1754 ecclesiae
1614 1694 1806 1772 smyrnensis
1835 1695 1876 1756 de
1892 1711 1974 1756 mar·

206 1793 274 1841 ram
285 1791 359 1839 ossa
371 1777 533 1846 latronum,
559 1776 609 1836 rol
630 1774 720 1837 etiam
736 1789 870 1848 canum,
897 1779 948 1836 aut
962 1772 1063 1836 asino·
1107 1775 1184 1852 tyrio
1197 1771 1367 1852 Polycarpi3
1384 1775 1413 1834 in
1430 1791 1488 1853 qua
1502 1775 1628 1852 epistola
1645 1782 1794 1848 narratur,
1822 1775 1973 1838 Christia-

205 1877 275 1922 rum
288 1872 481 1926 veneremur.
497 1858 530 1919 ld
547 1856 628 1936 quod
640 1857 748 1936 probat
757 1857 903 1933 Primum,
919 1856 990 1936 quia
1005 1855 1063 1917 bu·
1107 1853 1157 1915 uis
1173 1855 1369 1932 cupientibus
1384 1856 1529 1934 reliquias
1546 1859 1702 1936 martyris,
1719 1864 1749 1918 et
1760 1857 1885 1922 iudaeis
1903 1876 1974 1938 per-

209 1941 351 2022 gustinus
364 1940 397 2002 ia
411 1939 490 2001 libro
505 1939 544 2002 de
559 1955 652 2018 opera
669 1939 886 2002 monachorum
915 1955 983 2018 cap.
1009 1937 1061 2001 28.
1106 1936 1297 2000 tinacissimc
1310 1937 1677 2018 resistentibus.Judicem
1690 1941 1976 2005 etrbnicumroluis·

211 2041 282 2086 cum
291 2023 425 2086 dixisset
447 2023 596 2098 quosdam
612 2023 779 2086 monachos
797 2019 994 2084 circumferre
1008 2067 1016 2096 ,
1033 2028 1065 2084 et
1108 2034 1143 2081 so
1158 2035 1270 2097 corpus
1284 2021 1315 2081 in
1328 2022 1431 2082 medio
1447 2023 1580 2099 positum
1603 2024 1733 2085 cremari
1748 2041 1849 2102 usquc
1864 2027 1903 2085 ad
1926 2026 1971 2086 ci-

209 2106 364 2168 rcuditare
380 2104 515 2166 membre
529 2103 843 2184 martyrumaddibbi
856 2108 965 2167 tumere
977 2119 1064 2167 mor·
1107 2103 1549 2166 neres:ettameanristianos
1565 2104 1729 2184 collegisse
1746 2106 1924 2170 incredibili
1942 2124 1973 2168 a·

214 2195 334 2270 iprum.
350 2187 383 2250 Si
398 2187 480 2250 euim
490 2185 553 2265 jam
573 2193 646 2248 tunc
661 2184 831 2265 coeperunt
854 2189 1064 2264 imposturae,
1107 2184 1231 2246 viditate
1246 2187 1394 2264 reliquias
1408 2186 1533 2248 illaszrtc
1547 2190 1576 2250 si
1590 2185 1811 2268 essent(inquit
1826 2189 1975 2270 epistola)

209 2271 282 2349 quid
298 2268 471 2332 madefieri
486 2268 750 2342 credendumest?
765 2268 894 2343 Deinde,
918 2267 990 2348 quia
1006 2273 1066 2334 tam
1109 2265 1273 2344 lapidibus
1285 2269 1524 2348 pretiosissimis
1534 2271 1782 2349 pretiosiores,et
1797 2287 1882 2334 auro
1898 2289 1974 2348 pro·

207 2353 320 2416 multae
335 2350 482 2430 reliquiae
497 2350 637 2430 eiusdem
653 2351 776 2430 generis
800 2351 998 2414 inveniuntur
1011 2397 1018 2426 ,
1032 2359 1065 2414 ιιι
1109 2349 1272 2412 batissioro
1293 2351 1568 2428 probatioreslias
1580 2359 1680 2414 autem
1694 2354 1840 2431 reliquias
1856 2373 1871 2414 a
1887 2354 1974 2417 cbri-

209 2441 347 2514 oportcat
361 2435 409 2495 rel
424 2434 557 2496 cundem
579 2441 719 2498 sanctum
744 2435 839 2496 multa
867 2448 993 2510 corpora
1010 2434 1063 2496 ha·
1109 2433 1216 2494 stiauis
1231 2434 1376 2496 collectas
1390 2434 1428 2495 ad
1445 2437 1571 2504 cultum,
1583 2442 1664 2512 patet
1679 2439 1742 2496 tum
1759 2452 1796 2498 cx
1807 2437 1914 2500 acrbis
1930 2438 1974 2498 ei-

208 2517 328 2588 baisse,
345 2517 393 2578 vel
407 2515 518 2578 multas
540 2531 610 2578 esse
622 2517 713 2579 lalsas
728 2515 884 2594 reliquias.
900 2515 982 2580 Haec
997 2517 1062 2596 itle;
1109 2517 1190 2590 tatis,
1207 2521 1271 2577 tum
1287 2531 1323 2578 er
1339 2520 1535 2579 contentione
1548 2519 1802 2580 adversariorum.
1815 2519 1928 2582 ludaei
1944 2536 1976 2582 ι-

210 2615 288 2680 quae
300 2597 399 2660 omnia
413 2604 591 2675 argumenta
603 2615 670 2678 cap.
686 2599 717 2661 ι.
733 2599 921 2661 refellentur.
1058 2675 1062 2682 1
1108 2599 1172 2658 nim
1187 2605 1278 2678 atque
1293 2599 1408 2661 etbnioi
1434 2600 1640 2672 resistebant,
1658 2617 1697 2662 ne
1713 2601 1864 2679 reliquiae
1881 2619 1972 2680 rape-

249 2681 341 2750 Porro
356 2679 538 2744 dalrinistac
561 2681 750 2761 ubicumque
773 2685 905 2759 possunt
919 2679 1065 2762 reliquias
1109 2687 1214 2742 rentur
1227 2688 1383 2760 praetextu
1400 2681 1531 2761 pietatis.
1548 2681 1769 2745 Existimabant
1783 2747 1786 2750 ,
1799 2686 1883 2745 enim
1905 2702 1975 2748 cor·

208 2769 383 2826 sanctorum
397 2763 709 2836 exurunt‚etoineres
724 2764 757 2826 in
770 2763 886 2830 flumen
901 2763 1062 2844 abjiciunt:
1108 2778 1210 2842 poraa
1227 2763 1406 2826 Christianis
1420 2765 1552 2838 adorari,
1570 2766 1647 2831 utin
1665 2766 1774 2828 eodem
1790 2767 1860 2828 loco
1876 2765 1975 2830 Eusc-
2031 2785 2032 2788 ¹

207 2851 240 2909 et
252 2845 418 2908 notandum
432 2859 507 2908 sane
522 2861 603 2908 auno
618 2845 730 2909 tibba
745 2845 918 2909 Calrinistis
936 2862 1064 2926 corpora
1108 2843 1181 2909 bius
1196 2852 1333 2909 testatur:
1353 2864 1415 2910 non¹
1426 2863 1499 2927 crgo
1513 2863 1620 2911 rerum
1646 2853 1705 2922 est,
1721 2850 1804 2927 quod
1827 2849 1976 2913 dixerunt

209 2934 383 2991 sauctorum
410 2927 542 2998 irenaei,
564 2927 670 2991 Hilarii
692 2933 723 2991 ct
749 2929 867 2991 bladini
895 2927 1019 3005 effossa,
1036 2935 1067 2991 ιι
1110 2927 1234 2992 dentur.
1257 2927 1292 2991 l.·
1421 2987 1423 2990 ,
1586 2945 1588 2950 ·

209 3016 355 3083 cremata,
369 3015 400 3072 et
412 3011 446 3072 in
470 3011 675 3089 profluentem
689 3011 826 3091 projecta
846 3011 954 3085 luisse,
971 3018 1004 3072 ut
1018 3029 1066 3074 re·
1151 3011 1212 3074 Sed
1225 3027 1326 3091 neque
1341 3017 1414 3075 tunc
1426 3012 1530 3091 coepit
1543 3014 1645 3078 bonor
1656 3013 1855 3090 reliquiarum
1874 3033 1882 3091 3
1902 3031 1973 3076 nam

209 3091 268 3156 lert
279 3093 398 3168 Sarius,
411 3094 494 3172 quod
520 3093 602 3155 idem
619 3095 728 3158 eodem
742 3097 774 3155 tn
800 3095 871 3156 loco
884 3095 1067 3172 corporibus
1109 3093 1142 3156 b.
1159 3093 1324 3174 Gregorius
1339 3096 1393 3157 tib.
1410 3094 1440 3157 3.
1458 3096 1581 3175 epistol.
1598 3095 1649 3156 30.
1667 3095 1790 3165 serinia
1808 3096 1879 3174 ipso
1895 3103 1972 3158 tem·

210 3175 338 3239 atlorum
367 3179 543 3238 sanctmum
570 3175 707 3239 lacerant
732 3176 847 3239 ellinici
869 3181 939 3238 aute
967 3192 1066 3240 annos
1109 3191 1196 3257 pore.
1213 3193 1273 3256 quo
1288 3177 1397 3240 Petrus
1411 3185 1442 3240 et
1456 3179 1568 3240 Paulus
1584 3179 1665 3256 passi
1693 3185 1774 3249 sunt,
1793 3181 1921 3240 uertisse
1937 3179 1970 3239 ss-

213 3256 305 3318 ttoo.
320 3273 391 3318 uam
407 3263 439 3319 ut
453 3257 561 3320 scribit
571 3257 724 3322 Eusebius
739 3259 794 3322 lib.
811 3259 842 3320 5.
864 3258 972 3320 tristor.
995 3275 1065 3338 cap.
1110 3260 1197 3322 detes
1218 3261 1256 3320 ab
1278 3261 1407 3331 oriente,
1431 3261 1485 3339 qui
1513 3278 1620 3323 corum
1645 3261 1791 3340 reliquias
1815 3268 1972 3341 tamquam

212 3339 244 3402 6.
260 3339 381 3406 Etbuici
396 3344 561 3419 martyrum
582 3340 727 3421 reliquias
747 3341 812 3421 igni
829 3341 1016 3417 absumptas,
1031 3343 1065 3404 in
1110 3356 1235 3404 suorum
1251 3343 1362 3404 citium
1378 3350 1529 3421 peterent3
1546 3344 1601 3406 sed
1617 3357 1688 3406 cum
1714 3359 1766 3404 eas
1788 3343 1976 3406 detulissent

212 3421 393 3484 Rhodanum
407 3421 601 3502 abjecerunt.¹
611 3423 647 3485 tlt
662 3424 734 3487 binc
757 3423 900 3486 nimirum
916 3424 1067 3502 intelliga—
1109 3425 1259 3500 usquead
1275 3427 1447 3488 secuudum
1459 3427 1592 3505 lapidem
1605 3418 1647 3488 'ab
1663 3426 1751 3494 urbe.
1766 3427 1869 3488 divino
1885 3429 1974 3488 mira-

207 3504 407 3584 .ruus,q'uanta
422 3505 463 3567 sit
477 3504 708 3582 Calvinistarum
718 3522 788 3569 curu
803 3505 943 3570 Etbnicis
954 3519 1066 3584 cogna·
1114 3507 1184 3568 culo
1199 3507 1376 3586 impeditos,
1388 3523 1451 3570 non
1467 3510 1605 3585 potuisse
1621 3509 1751 3570 ulterius
1768 3523 1820 3570 eas
1835 3509 1972 3584 deterrc;

212 3586 256 3648 tio
271 3586 499 3666 sacrilegiorum
513 3593 603 3667 atque
615 3589 773 3667 perflatae.
789 3588 989 3662 Quadratum
1005 3587 1071 3650 Cal·
1114 3596 1178 3650 tum
1193 3605 1265 3652 reru
1280 3607 1295 3650 a
1310 3592 1445 3652 romanis
1461 3591 1605 3654 fidelibus
1620 3592 1700 3670 apud
1717 3591 1913 3652 catacumbas
1929 3607 1975 3652 re-

210 3667 343 3732 cinistao
357 3668 439 3732 tarro
453 3674 484 3732 et
495 3669 629 3733 llammis
643 3670 794 3751 agunt,id
810 3675 903 3751 aguut
923 3670 1070 3750 impostu-
1115 3671 1253 3734 conditas
1267 3673 1376 3736 luisse.
1388 3674 1475 3736 Unde
1491 3680 1596 3750 postea
1611 3673 1771 3736 Cornelius
1787 3689 1865 3752 papa
1882 3675 1930 3754 (ιιι
1944 3675 1975 3735 in

213 3751 270 3825 ris,
285 3750 456 3814 mendaciis
470 3757 502 3814 et
514 3752 979 3833 lraudibusblagdeburgeusas,
995 3767 1070 3832 quo·
1114 3753 1281 3834 pontiticali
1297 3757 1444 3818 bamasus
1464 3755 1570 3837 relert)
1586 3757 1739 3818 transtulit
1763 3758 1800 3817 ad
1824 3773 1859 3817 ea
1880 3758 1946 3818 loca
1963 3803 1971 3827 ,

212 3849 281 3910 rum
293 3834 412 3912 aliquas
423 3834 475 3897 hic
494 3833 629 3910 breviter
641 3836 786 3912 durimus
799 3835 1004 3914 adnotandas,
1115 3837 1168 3899 ubi
1180 3854 1263 3899 nunc
1273 3839 1389 3917 jacam.
1403 3835 1510 3916 ltaque
1525 3841 1565 3903 de
1579 3839 1696 3916 origine
1711 3838 1813 3901 cultus
1828 3839 1972 3918 reliquia·

266 3961 269 3968 .
719 3937 722 3946 ·
905 3956 907 3966 ·
1114 3935 1181 3981 rum
1203 3928 1332 3998 quatuor
1354 3922 1513 3983 mendacia
1530 3923 1609 3984 inter
1622 3935 1656 3984 sc
1671 3922 1838 4004 pugnantia
1853 3921 1974 4001 llagdc·

1114 3998 1503 4082 burgensesprotulorunt.

557 4084 672 4148 uacua
686 4085 728 4148 ll.
1156 4085 1334 4148 Secundum
1350 4087 1546 4149 mendacium
1572 4093 1630 4160 est,
1661 4085 1784 4148 centur.
1801 4083 1832 4146 ι.
1856 4102 1925 4164 cap.
1941 4085 1971 4147 6.

802 4188 805 4198 ’
1115 4168 1229 4230 colum.
1243 4169 1316 4230 602.
1332 4169 1384 4231 ubi
1398 4181 1560 4246 postquam
1588 4168 1742 4234 dixerunt.
1766 4173 1850 4230 recte
1875 4175 1905 4230 ct
1921 4172 1969 4246 pie

1115 4251 1429 4330 Vigilantiamcontra
1445 4251 1590 4327 reliquias
1616 4251 1801 4329 scripsisse,
1828 4250 1971 4330 Hierony-

1115 4349 1198 4395 mum
1214 4341 1314 4396 autem
1330 4335 1405 4396 solis
1416 4336 1602 4396 conviciiset
1616 4332 1842 4410 importunitate
1859 4349 1913 4409 pro
1928 4351 1973 4394 rn-

261 4473 273 4483 ,,
1114 4417 1220 4495 liquiis
1236 4433 1403 4494 pugnasse,
1420 4417 1536 4478 addunt
1548 4416 1683 4494 Gregorii
1698 4413 1917 4476 testimonium:
1934 4417 1972 4478 ld

259 4494 359 4560 Initio
374 4496 467 4577 igitur
485 4498 526 4561 de
550 4498 668 4577 origiue
688 4500 894 4564 uenerationis
912 4505 943 4563 et
969 4499 1072 4564 cultus
1115 4501 1205 4579 guod
1218 4499 1389 4579 (inquiunt)
1401 4501 1498 4562 ιιιιιιι
1514 4495 1664 4576 crepereo
1676 4500 1848 4570 cicumeat,
1862 4500 1920 4577 qui
1934 4501 1971 4560 rte

208 4577 620 4658 ‘reliquiarum‘mirabilitcr
644 4580 801 4660 disputant
828 4583 1070 4663 llagdeburgen·
1114 4582 1233 4658 erupto
1245 4581 1435 4664 Hieronymi
1448 4578 1842 4660 conbo'ligitoretiumitu
1852 4583 1975 4642 cerasait

216 4673 281 4739 see3
297 4677 366 4724 uam
381 4661 505 4726 dentur.
519 4663 549 4726 6.
565 4663 673 4742 inipso
695 4665 881 4744 praelatione
896 4667 1019 4738 dicunt,
1032 4681 1070 4727 eo
1114 4665 1152 4726 in
1171 4665 1238 4742 Vipi
1251 4665 1440 4728 nntiumitu
1454 4665 1607 4727 conuiciis
1628 4663 1846 4726 debacchatur
1866 4663 1972 4726 litero·

219 4745 356 4819 saeculo,
371 4744 515 4830 nimirum
530 4750 601 4825 post
613 4763 725 4809 anuum
741 4748 861 4810 Domini
877 4748 1072 4825 booeoepia
1115 4761 1244 4827 aymus,
1262 4748 1544 4825 adulteratorem
1565 4761 1601 4809 oo
1613 4747 1792 4810 modestiae
1806 4761 1903 4822 nigor
1918 4749 1971 4808 dc-

217 4840 253 4903 se
268 4827 383 4889 cattum
397 4828 593 4906 reliquiarum
607 4831 772 4893 occasione
786 4831 981 4908 templorum.
992 4841 1071 4910 quae
1114 4831 1271 4892 eidormo.
1288 4829 1326 4891 Aa
1340 4831 1397 4892 ista
1412 4833 1505 4890 rerba
1522 4831 1638 4891 nultius
1653 4829 1790 4901 Gregorii
1814 4832 1896 4900 sunt,
1914 4831 1970 4890 sed

205 4913 290 4975 ¹tuac
305 4907 483 4988 ingentibus
511 4910 684 4989 sumptibus
706 4913 953 4976 exstruebantur.
973 4913 1071 4974 tidem
1118 4911 1235 4972 Erasmi
1252 4913 1282 4972 in
1298 4919 1477 4996 argumento
1493 4915 1529 4974 ad
1546 4913 1656 4974 librum
1670 4913 1702 4974 b.
1713 4911 1889 4990 Hieronymi
1904 4929 1974 4974 con·

211 4989 455 5056 tameudeutur.
471 4991 502 5054 6.
515 5009 585 5072 cap.
601 4993 632 5056 ι.
648 4995 708 5057 col.
725 4997 797 5059 ιιι.
819 4994 935 5071 dieunt,
955 4996 1071 5056 cultum
1119 5001 1163 5055 tra
1182 4994 1390 5073 vigilantium.
1653 5025 1655 5028 ·

208 5071 419 5152 reliquiarum
446 5071 516 5156 ipso
542 5077 647 5155 quinto
662 5079 798 5153 saeculo,
821 5079 918 5154 idest,
939 5086 1073 5140 antean·
1135 5092 1137 5101 ι
1158 5075 1291 5138 Tertium
1305 5084 1363 5150 est,
1381 5075 1505 5140 dentur.
1521 5077 1552 5138 6.
1575 5093 1644 5156 cap.
1661 5075 1822 5138 bacatum.
1839 5073 1910 5136 600.
1925 5077 1976 5139 ubi

207 5167 290 5216 mum
305 5155 376 5219 500.
393 5159 547 5236 coepisse.
562 5159 624 5220 tlon
640 5163 712 5239 ergo
726 5176 830 5228 rerum
846 5168 903 5232 est,
931 5161 1011 5239 quod
1029 5161 1073 5222 di·
1118 5159 1164 5219 sic
1175 5158 1895 5240 babentzrlogustinaas(inquiunttaier'clr'qroiis
1911 5159 1976 5222 Ste-

216 5241 290 5296 cunt
303 5237 335 5300 in
351 5239 537 5318 praelatione
551 5241 675 5303 Cantur.
692 5241 723 5303 6.
745 5243 838 5305 Porro
858 5243 951 5304 iidem
967 5250 1069 5304 aucto·
1115 5240 1222 5319 pleoni
1233 5243 1351 5313 scribit,
1368 5245 1628 5321 superstitiosum
1645 5288 1653 5314 ‚
1676 5248 1705 5303 ot
1717 5253 1877 5318 mopoaun
1901 5258 1974 5306 eon·

215 5332 268 5380 res
283 5318 406 5384 deutur.
422 5323 452 5384 t.
469 5339 536 5400 cap.
553 5323 583 5384 6.
601 5323 769 5390 ιοι.ι66.ιι
782 5325 1067 5404 cap.t3.col.liltt.
1115 5326 1479 5388 arcanum-mottttudtnts
1495 5329 1540 5388 ed
1551 5343 1604 5388 eos
1615 5323 1802 5401 indiacum
1813 5339 1914 5402 usqae
1929 5327 1976 5400 ιιι·

217 5398 334 5470 dicunt.
350 5406 561 5482 superioribus
576 5406 719 5483 saeculis,
737 5407 828 5480 idest,
852 5425 950 5486 usque
965 5411 1003 5470 ad
1017 5425 1070 5470 an·
1116 5413 1213 5481 oturn,
1229 5401 1421 5472 decantatis
1434 5409 1565 5488 popillio
1587 5407 1786 5486 quibaudmn
1810 5407 1972 5470 illusioni·

210 5481 375 5578 mentiti)
399 5486 476 5548 nibil
492 5487 597 5554 baberi
612 5489 643 5549 in
669 5490 807 5570 probatis
828 5492 1004 5560 auctoribus
1030 5493 1069 5553 da
1115 5490 1185 5564 bus,
1203 5507 1286 5571 quoe
1300 5507 1359 5569 pro
1373 5493 1542 5553 miraculis
1558 5491 1688 5553 liubilae
1700 5495 1802 5561 steret,
1833 5488 1914 5552 libro
1933 5493 1974 5552 do

216 5571 411 5636 rourcratrone
433 5574 463 5629 et
478 5571 674 5632 translatione
690 5574 887 5650 reliquiarum
905 5621 913 5644 ,
929 5574 985 5634 sed
1000 5587 1070 5634 coe·
1119 5573 1250 5635 ciuitate
1267 5575 1322 5636 tlei
1334 5575 1384 5635 2⁴2.
1401 5576 1508 5653 capite
1519 5575 1550 5635 0.
1568 5575 1604 5635 ,ιι
1630 5575 1808 5650 allegamus
1839 5577 1933 5633 toturn
1950 5575 1971 5634 i·

215 5645 301 5744 pisse
315 5649 403 5726 tetam
417 5651 666 5728 superstitionem
677 5656 801 5718 saecuto
814 5661 932 5735 quarto,
947 5657 1070 5734 quando
1117 5658 1187 5718 stud
1203 5663 1305 5736 eaput,
1323 5659 1404 5736 quod
1421 5660 1478 5737 ipsi
1495 5653 1599 5730 citant,
1622 5671 1685 5719 non
1710 5654 1904 5724 intcuicrnus
1926 5665 1975 5718 us*

295 4283 506 4373 'coaequatur
518 4293 694 4358 mendacio
710 4279 981 4370 centuriatorum.
