4056 6302
199 393 230 444 ¹⁰
952 402 1138 463 rmtetrrto

156 594 223 656 ullo
236 592 353 674 pudore
369 591 520 667 adridunt,
537 609 596 656 nec
611 599 712 656 umen
727 593 838 671 omnia,
862 611 922 660 nea
936 592 1026 660 etiam
1073 600 1099 663 sl
1115 597 1237 662 sensuli
1253 597 1370 660 tructus
1385 611 1422 660 ex
1437 602 1577 676 corrupto
1593 596 1696 662 radiae
1710 596 1933 678 pullulassenm

165 711 308 788 plurima,
326 710 355 772 id
369 711 451 774 enim
467 709 578 773 induiti
593 709 698 790 operis
723 716 828 788 esset,
852 712 907 778 sed
929 729 1025 791 pauca
1071 714 1134 791 ilia,
1151 715 1298 794 inquam,
1314 713 1428 788 rerba,
1445 718 1597 794 umquam
1612 712 1640 784 sl
1654 713 1819 778 cardinalis
1835 715 1936 795 ipsius

157 827 196 889 da
211 828 316 889 multis
331 827 496 906 proteram:
512 828 567 890 illi
580 827 823 909 sycophantae,
852 829 952 909 inquit
965 829 1025 894 Lu·
1071 832 1252 894 sententiam
1274 829 1468 893 continerent
1482 873 1491 904 ,
1506 827 1580 892 boni
1594 827 1646 892 isti
1665 830 1719 892 riri
1736 845 1845 911 magna
1861 847 1934 892 aum

156 945 265 1007 ttrcrus
280 945 312 1006 in
328 943 406 1008 libro
420 945 458 1006 dc
474 943 627 1019 conciliis,
656 945 715 1024 qui
727 945 953 1023 parasitaster
963 961 1025 1028 pa·
1071 947 1262 1012 execratione
1277 945 1392 1027 ubique
1405 944 1693 1023 disseminaverunt,
1709 963 1744 1008 aa
1757 947 1890 1027 primum
1903 949 1934 1008 in

153 1077 230 1140 pao,
247 1063 329 1124 adeo
344 1067 420 1124 suut
434 1061 659 1136 dementabat
670 1061 951 1140 lroapuradomum
965 1077 1024 1125 au·
1070 1062 1126 1128 lib.
1141 1064 1370 1128 protestationis
1392 1063 1442 1126 di.
1461 1063 1668 1128 ministrorum
1687 1109 1694 1137 ,
1711 1063 1751 1125 ita
1774 1063 1907 1144 legimus
1925 1084 1934 1125 ι

158 1177 329 1240 ducissime
344 1179 533 1256 detondant,
551 1177 693 1241 coucilia
706 1182 892 1258 potestatam
905 1175 1029 1243 bebere
1071 1180 1135 1245 Sed
1148 1179 1222 1262 jam
1243 1181 1420 1244 audiamus
1440 1181 1534 1244 istius
1554 1179 1936 1259 pluriosi'pubernctoris

158 1297 324 1358 condendi
336 1310 435 1359 nouos
451 1296 608 1358 articulos
618 1293 707 1374 fidei,
735 1300 764 1358 ct
777 1296 1024 1360 malaudiocte·
1068 1299 1248 1378 praesentis
1262 1295 1589 1366 oonmtiabuliuerbo,
1602 1298 1936 1376 quomodoetsecuu·

157 1429 222 1474 res.
239 1415 276 1474 dt
291 1412 343 1492 qui
358 1419 431 1474 sunt
445 1411 496 1476 isli
510 1413 736 1494 sycophantae?
750 1411 809 1476 Cur
821 1427 912 1476 nemo
927 1415 1025 1477 nomi·
1070 1415 1150 1478 dum
1163 1429 1263 1495 quam
1275 1415 1424 1496 sepulum
1436 1414 1491 1476 ille
1506 1425 1581 1476 cam
1594 1413 1664 1474 suis
1678 1413 1845 1476 sodalibus
1855 1415 1935 1478 uelit

157 1531 263 1590 natur?
279 1529 345 1605 ilbi,
363 1529 499 1608 quaudo,
516 1545 577 1608 quo
594 1533 673 1592 teste
694 1528 859 1603 dixerunt,
885 1535 936 1592 aut
950 1531 1024 1592 scri·
1070 1531 1109 1593 dc
1122 1530 1296 1604 Ecclesiae,
1309 1537 1339 1596 et
1350 1531 1518 1610 ralipionis
1533 1529 1757 1593 controuersiis
1766 1527 1934 1606 judicare,

156 1651 298 1724 pserunt,
311 1661 406 1725 posse
421 1664 436 1707 a
448 1645 589 1710 conciliis
603 1645 675 1708 ttdet
688 1645 833 1708 articulos
844 1645 1025 1709 immutarit
1069 1652 1099 1710 et
1111 1649 1311 1710 stomomate
1326 1648 1414 1711 enim
1425 1648 1465 1710 iu
1479 1645 1699 1726 blasphemiae
1712 1644 1811 1707 uerba
1826 1661 1937 1708 erronc-

204 1761 346 1823 Matthias
359 1761 500 1841 illyricus
515 1762 546 1826 in
562 1761 640 1823 libro
666 1762 705 1824 de
732 1777 859 1834 norma,
885 1779 920 1825 ac
940 1762 1024 1842 praxi
1066 1765 1125 1844 pit,
1141 1765 1295 1844 iuquiens
1308 1781 1321 1823 .·
1336 1763 1394 1826 llos
1407 1779 1483 1826 uero
1500 1761 1558 1824 Dei
1571 1761 1612 1826 rh
1632 1761 1720 1824 coelo
1740 1762 1938 1824 sementiam

160 1876 283 1939 concilii
301 1877 478 1940 tridentini:
505 1878 653 1969 Clamant
666 1877 738 1951 ilii,
755 1877 865 1957 inquit,
893 1881 1026 1950 canulis·
1070 1881 1337 1960 exspectabimus,
1367 1895 1407 1944 ac
1421 1883 1492 1944 tum
1504 1880 1580 1942 istos
1595 1895 1654 1958 pro
1668 1893 1745 1952 sua,
1766 1893 1837 1954 non
1850 1877 1935 1941 Scri·

155 1995 276 2058 scilicet
290 1994 412 2060 Patras.
428 1995 618 2068 Ecclesiam,
633 1996 737 2070 idest,
753 1993 936 2074 pontificem
951 2011 1026 2058 arna
1067 2002 1243 2076 pturarum
1255 1997 1417 2060 sententia
1430 1995 1633 2070 dimicantes,
1650 1998 1720 2057 tam
1733 1995 1823 2073 ipsas
1838 1995 1939 2057 etium

154 2113 223 2174 suis
238 2112 465 2193 spiritualibus
489 2127 555 2174 esse
569 2129 672 2191 supra
686 2113 887 2191 scripturam
896 2131 909 2190 ,·
925 2119 954 2176 et
966 2121 1026 2193 pa·¹
1069 2114 1252 2194 Scripturas
1273 2114 1429 2193 incusare
1438 2111 1637 2194 jubebimus.
1653 2111 1724 2175 Non
1745 2115 1867 2190 oportet
1888 2111 1931 2173 tc·

154 2245 235 2308 pam
248 2245 340 2308 posse
357 2245 399 2292 erc
412 2229 617 2308 plenitudine
637 2229 801 2308 potestatis
823 2235 938 2292 contra
949 2245 1025 2309 apo·
1068 2233 1129 2311 pis,
1146 2239 1203 2295 aut
1218 2231 1406 2310 scripturae
1422 2245 1487 2292 esse
1500 2231 1660 2308 peritum,
1689 2230 1748 2291 sed
1762 2243 1784 2290 a
1797 2228 1860 2290 lieo
1876 2229 1932 2292 do·

154 2347 285 2410 stolum.
303 2353 332 2410 ut
346 2351 447 2409 tottam
460 2351 550 2410 uetus
573 2347 808 2408 Testamentum
822 2347 1023 2424 dispensare.
1071 2350 1279 2412 etumlaaus
1292 2353 1338 2411 est
1349 2345 1707 2427 teborpumaapturae
1719 2345 1931 2424 impenditur.

154 2462 238 2524 llaec
252 2463 317 2526 ille.
334 2463 394 2526 Sed
408 2471 504 2525 exstat
515 2461 693 2536 concilium,
709 2463 827 2540 legatur
839 2463 1023 2542 diligenter,
1070 2467 1240 2546 Scriptura
1253 2466 1340 2528 euim
1355 2469 1507 2527 creatura
1517 2467 1607 2537 estet
1618 2477 1755 2543 epaaum
1766 2463 1930 2542 quoddam

154 2595 308 2658 nimquam
321 2579 516 2642 iuranientur
532 2578 692 2660 ejusmodi
709 2583 859 2657 portenta.
1068 2582 1488 2658 elementummocaorrucrrit
1500 2579 1680 2643 Christiano
1690 2579 1833 2641 nimium
1843 2593 1932 2640 crea·

194 2697 340 2759 llartious
353 2697 527 2759 liemnitius
544 2697 574 2758 iu
589 2683 729 2758 caanrine
745 2695 867 2760 concilii
885 2695 1024 2760 tridenti·
1068 2706 1161 2762 turae
1182 2700 1349 2763 addictum
1370 2715 1447 2763 essa.
1464 2697 1581 2772 Quibus
1603 2695 1739 2758 recitatis
1760 2694 1930 2773 subjiciunt

155 2813 198 2883 ni,
215 2813 254 2874 ita
268 2814 353 2876 clives
366 2815 597 2876 mendaciorum
615 2817 675 2889 est,
701 2817 734 2874 ut
747 2819 877 2892 quatuor
901 2816 1024 2874 seuten-
1068 2815 1378 2878 Protestanteszllooc
1390 2817 1450 2878 iste
1463 2813 1613 2892 ruferius
1626 2811 1810 2875 inlubristi
1823 2811 1933 2874 cardi·

157 2931 251 3006 tiolis,
266 2933 402 3012 utrinque
415 2931 575 2993 mendacia
593 2930 876 3011 comprehenderim
891 2927 1022 3003 mount,
1066 2933 1153 2994 uotis
1168 2932 1314 3010 lepctus,
1331 2935 1361 2993 et
1373 2931 1469 3010 impii
1483 2927 1694 2992 comiliabuli
1706 2927 1927 3006 prbaaaror,

127 3103 130 3110 .
154 3047 541 3126 iuquit.Putros,oidelr'cct
555 3048 790 3128 concilii,quod
801 3061 892 3126 papa
906 3045 1025 3108 babeat
1069 3056 1184 3114 contra
1195 3050 1355 3114 oiueutcm
1367 3047 1469 3112 Deum
1484 3046 1695 3127 blaspoamm.

155 3167 355 3229 oolrcutatam
368 3182 428 3245 pro
442 3166 633 3241 rationein
647 3165 710 3239 liis,
727 3179 813 3246 quoe
837 3163 916 3238 uult,
933 3166 1023 3245 quod
1108 3167 1249 3249 Illyricas
1264 3181 1336 3230 vero
1350 3165 1383 3229 iu
1397 3164 1476 3230 libro
1491 3163 1530 3228 do
1546 3177 1651 3226 norma
1662 3167 1693 3224 et
1707 3160 1793 3240 praxi
1803 3160 1931 3224 aoncilii

155 3283 258 3360 possit
272 3283 412 3360 sormam
432 3287 713 3346 smrumontorum
727 3281 769 3345 ab
791 3283 943 3364 apostolis
958 3287 1021 3346 tra·
1069 3285 1238 3360 tridentini,
1260 3290 1459 3364 posteaquam
1481 3281 1534 3343 illa
1556 3279 1664 3342 eadem
1685 3277 1779 3341 verba
1799 3293 1836 3341 ex
1851 3277 1932 3340 libro

153 3399 257 3460 ditum
275 3400 475 3475 imitantem,
500 3400 588 3479 quod
612 3403 727 3462 contra
751 3399 900 3478 epistolas
926 3400 1023 3462 Pauli
1068 3399 1233 3466 cardinalis
1254 3401 1434 3480 deprompta
1449 3394 1600 3476 repetiuit,
1616 3393 1655 3456 ila
1669 3392 1714 3456 illl
1728 3392 1809 3456 bene
1823 3407 1929 3472 preca·

148 3516 252 3593 possit
276 3521 437 3590 statuero,
455 3517 545 3596 quod
571 3516 761 3594 dispensare
782 3517 883 3594 possit
907 3520 1021 3579 contro
1066 3523 1116 3580 tus
1137 3522 1196 3580 ests
1218 3515 1385 3588 Dominus,
1400 3513 1492 3578 lesus
1507 3511 1616 3591 inquit,
1632 3509 1864 3588 obstmrctipae
1877 3509 1931 3570 in·

152 3635 294 3708 orcaruor
303 3632 414 3710 prima
425 3633 603 3695 concilicet
614 3639 727 3695 eontra
738 3629 837 3694 uerbo
848 3631 1020 3710 euanpclti.
1067 3634 1189 3713 tamaii
1208 3635 1272 3697 istc
1292 3631 1481 3712 blasphema
1501 3645 1560 3693 ora
1579 3627 1787 3702 antichristi,
1811 3633 1841 3690 et
1862 3625 1935 3706 mus

154 3747 229 3824 Quis
246 3747 387 3811 crederet
414 3754 474 3810 tam
487 3771 489 3776 ¹
502 3749 699 3828 impudentes
724 3747 868 3812 homines
894 3748 1020 3827 reperiri
1065 3751 1319 3829 mancipiorum,
1342 3752 1372 3810 et
1391 3747 1534 3811 uindicet
1546 3745 1686 3827 pluriam
1699 3744 1740 3806 cb
1755 3757 1869 3806 comem
1883 3749 1936 3822 tp·

154 3865 306 3942 putuisse,
323 3865 374 3945 qui
391 3865 429 3927 de
446 3865 611 3928 tridentino
637 3864 769 3928 concilio
791 3871 851 3926 tam
878 3864 1022 3928 audacter
1068 3869 1222 3932 canaida.
1239 3865 1318 3944 Quid
1333 3865 1389 3928 tibi
1404 3865 1534 3937 ridetur,
1551 3861 1680 3925 candide
1695 3860 1805 3936 lectur,
1816 3873 1856 3920 aa
1869 3875 1935 3922 non

155 3982 366 4055 mentirentur,
384 3999 454 4046 cum
467 3989 498 4046 et
513 3983 612 4063 ipsius
624 3988 692 4044 acta
718 3981 832 4061 possim
855 3981 1018 4062 legantur,
1066 3991 1114 4047 est
1128 3984 1232 4046 scelus
1246 3981 1427 4056 inauditum,
1444 3987 1475 4043 et
1489 3979 1615 4043 audaua
1631 3977 1722 4058 plano
1737 3971 1933 4042 incredibilis

155 4097 414 4162 atadbucriiant
439 4099 579 4179 plerique
605 4115 723 4171 eorum,
750 4099 804 4179 qui
828 4099 888 4180 ipsi
915 4115 970 4180 per
984 4117 1019 4163 se
1064 4101 1096 4162 in
1111 4117 1203 4163 causa
1219 4104 1278 4161 tam
1290 4097 1396 4170 atroci,
1410 4085 1684 4176 attampcispicua
1697 4093 1933 4173 tomimpuden-

155 4218 288 4280 concilio
303 4215 535 4280 intertueruut?
1064 4223 1111 4280 tar
1132 4217 1272 4282 mentiri?
1292 4217 1347 4279 Est
1367 4215 1398 4278 in
1421 4213 1568 4277 manibus
1580 4211 1671 4286 liber,
1688 4227 1747 4274 uec
1761 4212 1822 4274 ulla
1836 4215 1883 4272 est
1897 4212 1931 4270 ia

192 4333 252 4397 Sed
270 4339 362 4395 restat
382 4333 484 4396 adlrua
499 4334 580 4395 aliud
596 4332 796 4412 splendidum
816 4332 967 4408 omuino,
988 4340 1021 4397 et
1066 4334 1168 4396 verbis
1190 4335 1258 4408 ejus
1279 4331 1463 4404 obscuritas,
1487 4335 1518 4393 et
1533 4329 1559 4392 si
1575 4330 1784 4392 testimouium
1798 4327 1933 4390 auctoris

153 4450 278 4530 saepius
293 4450 455 4530 repetitum
471 4450 713 4514 adversariorum
727 4451 934 4514 mendacium.
944 4452 1019 4514 liul-
1066 4451 1242 4530 requiritur,
1265 4463 1322 4531 ogo
1345 4451 1411 4530 ipsa
1427 4447 1639 4512 doctissimum
1652 4446 1740 4508 illum
1755 4459 1862 4508 senem
1877 4445 1934 4506 ali·

152 4570 192 4629 tis
208 4569 247 4630 de
263 4568 366 4630 causis
382 4567 544 4630 bulberaoi
561 4567 688 4630 Hostum
704 4567 903 4647 cardinalem,
920 4569 1018 4632 uirum
1065 4569 1187 4651 quando
1201 4568 1355 4630 dicantem
1367 4565 1479 4628 oudtrt:
1492 4564 1558 4643 Epo
1569 4562 1799 4625 itasautireml
1810 4577 1866 4642 apo
1882 4567 1932 4624 ta·

152 4690 275 4746 aeterna
293 4684 439 4746 memoria
455 4685 583 4764 dignum
600 4730 608 4757 ,
626 4683 810 4764 implacabili
827 4685 897 4748 odio
913 4702 1017 4766 perse·
1064 4690 1113 4751 lta
1132 4683 1322 4750 scriberem?
1341 4683 1371 4744 si
1389 4697 1464 4745 mec
1475 4681 1537 4744 iila
1548 4678 1647 4742 uerba
1662 4683 1777 4751 essent,
1791 4693 1865 4742 oerc
1880 4679 1934 4741 di·

153 4804 299 4876 uuuntur,
317 4799 372 4862 sed
387 4816 424 4862 eo
441 4801 625 4880 praecipue,
641 4800 724 4882 quod
739 4802 859 4880 legatus
874 4801 1025 4881 apostoli·
1062 4806 1147 4867 dmrs
1168 4815 1278 4874 essem,
1295 4801 1353 4880 pur·
1366 4799 1405 4860 iu
1416 4796 1523 4860 medio
1537 4794 1607 4873 foro
1622 4811 1797 4859 arenrarer.
1813 4793 1850 4864 Et
1866 4793 1933 4872 plu·

153 4931 208 4977 cae
224 4915 310 4978 sedis
324 4917 457 4979 concilio
472 4917 639 4981 tridentino
654 4919 855 4998 praesederit,
869 4926 961 5000 atque
977 4920 1020 4981 ei·
1066 4919 1129 4982 cuit
1149 4922 1250 4979 tamen
1271 4929 1334 4976 non
1350 4913 1414 4988 uui,
1430 4919 1483 4975 aut
1495 4911 1628 4982 duobus,
1645 4912 1700 4974 sed
1716 4910 1837 4988 triginta
1853 4927 1933 4988 uua-

153 5032 223 5094 deur
241 5033 371 5096 coneilio
387 5035 537 5098 industria
553 5043 583 5098 ot
597 5033 747 5115 sapientia
762 5054 816 5100 suo
834 5051 894 5119 non
911 5053 1016 5115 parum
1067 5044 1135 5098 tuor
1156 5033 1247 5096 simul
1271 5027 1418 5094 ministris
1439 5029 1529 5092 verbu
1545 5029 1595 5090 illa
1611 5027 1716 5109 optimi
1732 5028 1786 5090 riri
1803 5027 1834 5088 ln
1851 5028 1932 5090 alie·

151 5149 345 5225 ornamenti,
362 5156 453 5230 atque
469 5152 558 5214 etiarn
575 5152 773 5216 emolumenti
788 5153 962 5216 contulerit.
978 5153 1015 5216 Ut
1066 5169 1139 5214 nrrm
1155 5165 1280 5213 sensum
1295 5148 1334 5210 ita
1349 5147 1580 5226 detorquere-,ut
1594 5161 1672 5225 quae
1687 5143 1931 5207 Saburencltiel·

153 5263 245 5344 igitur
260 5265 404 5342 simul,et
419 5268 556 5348 tegantur
570 5270 680 5350 synodi
695 5270 903 5333 auctoritatem
920 5269 1021 5348 depri·
1067 5270 1109 5332 dtt
1130 5271 1213 5341 sunt,
1236 5264 1400 5327 cardinalis
1421 5263 1521 5345 ipsius
1542 5279 1613 5326 esse
1635 5261 1851 5338 crederentur3
1875 5261 1931 5340 qui

154 5389 287 5461 merant,
302 5383 394 5448 rerba
409 5387 572 5465 quaedam,
588 5403 666 5465 quae
681 5387 709 5450 is
723 5387 887 5450 cardinalis
898 5387 929 5448 ln
942 5387 1021 5451 libro
1071 5385 1144 5449 milri
1165 5383 1305 5448 similiter
1325 5379 1438 5446 lusisse
1453 5379 1603 5454 ridentur,
1619 5395 1654 5442 no
1669 5377 1696 5441 si
1711 5375 1823 5458 aliquis
1838 5381 1933 5440 modo

152 5502 190 5558 de
213 5516 361 5580 expresso
383 5501 476 5566 uerbo
498 5503 580 5579 Dei,
604 5504 728 5568 nurnine
751 5503 1020 5568 Suburanakloldii
1068 5501 1268 5565 contenderet
1296 5497 1348 5561 tlta
1370 5497 1550 5578 blasphema
1570 5495 1660 5560 rerba
1681 5493 1864 5559 ludaeorum
1888 5496 1928 5558 da

158 5617 391 5682 haeresiarchae
407 5619 619 5700 protulerat,et
633 5621 703 5683 ideo
716 5620 1019 5700 protulerat,utindi·
1065 5617 1196 5681 Christo:
1219 5617 1300 5680 licre
1320 5616 1414 5678 bomo
1433 5629 1550 5689 uorum,
1574 5612 1837 5690 atpetatoroiui,
1853 5629 1923 5676 non

153 5744 344 5816 caret,quam
363 5739 429 5802 tetri
445 5756 565 5804 errores
581 5758 618 5804 ax
634 5739 793 5803 tutbsrano
811 5739 1021 5821 haereatque-
1068 5739 1112 5802 est
1125 5735 1178 5800 bic
1192 5733 1285 5800 bomo
1300 5751 1322 5798 o
1337 5736 1410 5810 boo,
1427 5727 1685 5815 quisabbatlrum
1698 5729 1922 5804 norrcrntodtt,
