4056 6302
265 310 301 366 30
854 317 897 373 tiu
918 314 1080 376 cenetens
1099 313 1142 373 ΕΤ
1160 312 1321 374 scelesta

195 443 310 511 orrrsia,
327 441 481 520 colligitur
496 459 533 508 ox
548 445 648 509 serbis
672 445 755 510 illis:
779 447 818 510 ut
831 465 906 513 cum
931 467 1055 528 acapna
1091 451 1131 510 ¹ut
1143 445 1290 528 judicem,
1307 445 1362 511 sod
1379 451 1411 510 ut
1422 462 1492 510 eom
1510 491 1517 520 ,
1548 447 1597 510 cni
1611 443 1762 510 incumbit
1789 443 1966 510 detondere

192 523 376 604 disquisitio
390 528 490 606 μονοις
506 531 587 607 quod
606 541 676 590 aero
692 535 761 605 post
789 532 1025 612 disputationem
1043 581 1051 609 ,
1096 535 1290 594 communem
1311 530 1404 594 tidem
1420 531 1529 593 edictis
1546 548 1581 593 ac
1597 531 1717 612 legibus
1732 579 1740 606 ,
1758 536 1789 594 el
1810 532 1837 592 si
1864 546 1963 610 opor·

192 607 222 666 in
239 625 298 685 qua
313 612 444 686 apostoli
464 611 674 690 etpresbyteri
698 612 814 693 loquuti
837 624 933 690 erant,
952 615 1009 678 soli
1022 633 1053 678 a·
1090 619 1170 686 teat,
1188 614 1278 676 etiam
1294 612 1407 692 gladio.

191 692 303 766 pastali
316 691 485 759 sententias
498 691 665 756 dolinitlras
677 694 825 770 dixerint,
842 705 925 776 patet
940 713 976 760 cr
992 716 1051 768 ro,
1139 697 1260 768 Ouarlo.
1277 695 1425 777 objiciunt
1438 695 1551 764 iidem,
1582 701 1612 756 ct
1637 693 1762 760 Carolus
1789 695 1968 760 llolinaeus

190 773 273 851 quod
290 774 347 834 sali
360 775 479 848 Petrus,
503 775 624 849 Punice,
637 776 791 840 Barnabas
813 787 843 842 et
857 779 989 844 lacobus
1007 784 1053 842 in·
1098 778 1175 840 locis
1190 780 1313 856 notulis
1328 777 1605 840 necnon‘Brcntins
1621 777 1651 840 in
1667 777 1869 842 Gouiessione
1887 777 1968 839 Wir·

189 855 392 920 traducuntur
407 875 422 920 a
439 858 516 920 Loca
540 861 712 937 loquentes.
728 861 780 922 xHt
803 864 884 941 qood
910 865 986 926 nulli
1002 865 1053 926 atii
1098 862 1281 944 tombergico
1296 909 1304 938 ,
1322 879 1389 942 cap.
1406 861 1445 923 do
1461 861 1598 924 conciliis
1613 909 1620 929 .
1648 866 1678 923 et
1690 861 1889 924 normannus
1908 861 1967 922 tia·

190 941 360 1000 sententias
374 939 519 1010 dixerint,
533 948 615 1018 patet
628 957 667 1004 cn
682 945 909 1008 continuatione
929 953 1027 1010 tortus
1043 961 1051 1022 3
1096 946 1289 1006 molruannus
1305 945 1360 1006 lib.
1377 943 1406 1004 a.
1425 943 1723 1024 prolegomeuorum.
1737 962 1805 1022 cap.
1819 945 1852 1006 G.
1867 961 1969 1022 saepe

190 1035 262 1080 nam
274 1029 344 1099 post
358 1022 436 1083 Petri
451 1025 657 1090 sententiam.
676 1042 745 1087 mor
760 1028 913 1091 subditur:
943 1030 1053 1092 uocatu
1098 1027 1189 1090 unius
1204 1029 1337 1089 borninis
1350 1027 1439 1090 otiam
1456 1026 1524 1088 laici
1540 1027 1690 1089 sententia
1716 1028 1893 1106 praeposita
1921 1033 1969 1086 ost

190 1107 301 1164 autern
315 1105 420 1166 catanis
434 1106 629 1181 narcltitudo,
648 1113 677 1170 et
691 1109 845 1173 audiebat
867 1110 1008 1174 Poulunr
1024 1118 1053 1176 ot
1097 1111 1266 1173 sententiae
1282 1110 1374 1172 totius
1389 1109 1522 1183 concilii,
1542 1111 1611 1189 quia
1628 1107 1802 1188 scripturae
1830 1109 1968 1171 auctori-

186 1183 387 1247 Bnruabana.
405 1188 521 1250 baindo
533 1189 685 1252 subditur:
703 1191 741 1252 Ht
754 1197 923 1274 postquam
946 1201 1053 1259 lacue-
1098 1197 1156 1256 toto
1173 1193 1268 1274 magis
1283 1193 1400 1254 munita
1415 1198 1497 1263 orat,
1516 1197 1546 1253 ot
1559 1193 1627 1254 sine
1643 1189 1737 1253 dubio
1753 1193 1845 1252 etiam
1872 1191 1965 1250 deiu-

186 1271 278 1338 ruut,
293 1268 435 1330 uiaticum
451 1270 562 1332 Paulos
583 1278 614 1333 ol
628 1271 794 1347 Barnabas,
815 1278 984 1356 respoudit
997 1279 1051 1340 Ja-
1097 1291 1172 1353 cops
1189 1275 1403 1354 praeponenda
1419 1281 1466 1336 est
1480 1293 1489 1348 ς
1504 1273 1584 1356 Ergo
1599 1273 1714 1337 ‹tebeat
1727 1274 1763 1335 od
1786 1273 1964 1336 corrciliom

188 1347 284 1410 cobus
299 1352 456 1422 dioensct
470 1369 540 1415 rnnx
551 1353 634 1415 linita
649 1354 755 1418 iacobi
770 1360 907 1423 oratioue
922 1359 1053 1442 subjun·
1093 1361 1193 1419 rotanti
1209 1359 1299 1422 elium
1316 1357 1398 1428 illul,
1412 1361 1442 1419 uu
1457 1357 1643 1436 quicumque
1658 1357 1721 1418 ulii·

187 1431 279 1508 gitur:
297 1431 383 1505 Puuc
396 1436 522 1512 placuit
537 1439 689 1514 apostolis
705 1444 764 1502 ele.
1134 1439 1326 1504 ltnleeedens
1341 1439 1481 1519 probant,
1500 1440 1598 1518 primo
1611 1456 1647 1502 er
1663 1435 1914 1516 oratiuncula.
1933 1435 1966 1498 2.

227 1512 541 1593 Itaquomondacium
568 1526 639 1596 cst,
662 1521 744 1600 quad
772 1521 1051 1604 magdeburgenses
1095 1539 1166 1585 can.
1196 1523 1251 1587 uit.
1285 1523 1337 1585 ubi
1363 1523 1494 1601 legimus
1519 1521 1695 1603 Hieronymi
1722 1523 1965 1582 auctoritatem.

186 1593 303 1671 dicunt,
320 1601 494 1678 omnesqui
511 1602 554 1662 ibi
570 1608 672 1672 orant,
696 1607 878 1667 sententiam
896 1624 988 1674 ,suam
1006 1610 1051 1670 di·
1096 1605 1250 1685 Scriptura
1276 1622 1360 1668 sacra
1388 1605 1556 1678 munitam,
1588 1605 1640 1667 toli
1663 1603 1794 1666 concilio
1823 1604 1969 1684 generati

155 1733 159 1740 .
184 1677 280 1754 sisso,
302 1681 382 1757 qnod
399 1688 498 1743 autem
521 1687 671 1763 scarritur:
699 1685 827 1750 Placuit
852 1691 1005 1769 apostolis
1023 1697 1052 1754 et
1096 1688 1337 1766 praeiudicasse.
1353 1687 1548 1763 Secundo‚es
1562 1685 1772 1750 Panormitano
1789 1685 1820 1746 iu
1838 1686 1963 1763 capsi-

184 1762 369 1824 saniortbus
380 1779 455 1825 carm
470 1769 559 1828 omrai
574 1763 912 1850 Ecclesiaiutotligitur
924 1775 963 1834 do
978 1791 1052 1836 con·
1094 1770 1257 1846 gnitlcasti,
1273 1771 1311 1833 de
1327 1769 1490 1844 eloctione,
1507 1775 1537 1832 et
1551 1785 1588 1832 ea
1603 1769 1721 1832 loanno
1735 1769 1876 1830 Gersono
1897 1783 1965 1844 par.

185 1857 281 1906 sensu
304 1846 404 1920 tacito,
422 1849 578 1924 attinebat
593 1850 657 1912 dari
674 1852 887 1924 abomnibus,
911 1857 962 1934 qui
979 1861 1051 1918 sunl
1097 1853 1125 1914 l.
1138 1852 1177 1914 de
1193 1853 1415 1916 examinatione
1428 1853 1646 1914 doctrinarum:
1659 1867 1789 1930 quorum
1801 1851 1859 1911 ille
1876 1850 1964 1924 dicit,

186 1925 217 1984 in
235 1926 378 1990 coneilio.
396 1929 469 1991 Vide
487 1931 653 1993 concilium
671 1934 906 2014 carthaginense
932 1939 962 1999 in
978 1955 1051 2017 ope·
1095 1935 1186 1996 unius
1210 1937 1314 2014 privati
1327 1934 1508 1998 sententiam
1524 1934 1774 2014 praeponendam
1796 1949 1872 1994 csso
1889 1949 1965 1994 sen·

185 2007 273 2070 ribus
286 2009 438 2089 Cypriani3
456 2029 524 2074 nam
537 2015 629 2076 etium
643 2015 674 2076 iu
691 2031 728 2077 eo
739 2017 872 2080 concilio
888 2019 1050 2083 adfuerunt
1094 2019 1207 2080 tentiae
1223 2033 1331 2096 popae,
1347 2019 1373 2078 si
1390 2018 1442 2078 ille
1456 2017 1592 2096 privatus
1608 2015 1966 2079 mereaturmelioribus

187 2105 256 2150 cum
274 2093 430 2172 episcopis
443 2097 532 2157 otiam
548 2097 731 2175 presbyteri,
757 2099 877 2163 diaconi
906 2109 936 2164 ot
951 2101 1021 2164 laici
1039 2150 1048 2177 ,
1094 2100 1322 2163 auctoritatibus
1337 2099 1521 2161 Testamenti
1536 2099 1648 2162 rctc'ris
1662 2106 1692 2161 ot
1708 2097 1776 2160 nori
1793 2115 1801 2172 ;
1824 2097 1889 2159 iste
1907 2115 1961 2158 au-

184 2175 388 2250 permolliat
409 2181 581 2241 lamonsoli
611 2179 750 2259 episcopi
771 2183 938 2246 sententias
967 2185 1050 2248 dixe·
1094 2188 1155 2243 tem
1170 2183 1271 2257 docet,
1295 2197 1522 2262 quemcumque
1548 2181 1704 2246 laominem
1719 2182 1844 2242 doctum
1871 2193 1967 2256 posse

185 2261 268 2316 runt.
1094 2269 1124 2328 el
1138 2266 1252 2328 debore
1264 2267 1316 2326 toti
1333 2265 1464 2327 concilio
1475 2265 1634 2340 resistere,
1650 2263 1677 2326 si
1698 2263 1799 2326 rideat
1815 2263 1895 2324 iliud
1927 2279 1965 2324 or

226 2337 382 2415 Secundo,
397 2339 546 2410 objiciunt
562 2343 653 2406 iidern
670 2344 797 2408 ibidem:
815 2344 985 2412 Concilium
997 2365 1050 2430 go·
1088 2346 1219 2416 malitia,
1236 2349 1283 2408 rol
1300 2345 1466 2427 ignorantia
1483 2359 1599 2409 errare.

183 2421 291 2482 nerale
306 2422 478 2484 universam
492 2424 664 2488 Ecclesiam
680 2436 898 2507 repraesentat,
912 2447 985 2510 ergo
997 2433 1050 2494 de·
1089 2459 1090 2464 ι
1134 2427 1332 2492 GonHrmatur
1348 2429 1406 2490 boc
1421 2433 1645 2507 argumentum,
1662 2425 1733 2506 quia
1748 2425 1838 2500 ratio,
1858 2443 1919 2488 eur
1935 2443 1968 2487 e·

182 2498 259 2563 bent
270 2518 341 2566 esso
357 2504 399 2566 ibi
416 2505 558 2570 hominos
573 2523 610 2570 ox
624 2509 708 2572 omni
720 2527 834 2588 genere
850 2560 859 2583 ,
876 2511 956 2576 idest
984 2515 1050 2592 opi·
1091 2508 1210 2590 piscopi
1227 2511 1392 2590 praecipue
1407 2518 1564 2586 vocentur,
1581 2517 1640 2583 est,
1657 2511 1728 2590 quia
1742 2510 1967 2572 existimantur

188 2585 288 2663 scapi,
306 2586 488 2668 presbyteri,
504 2593 675 2671 principes,
693 2593 810 2672 privati,
829 2594 945 2670 cleriei,
964 2596 1046 2674 laici,
1091 2609 1162 2657 esse
1184 2594 1336 2656 doctiores
1351 2595 1493 2670 caetorls;
1520 2594 1547 2654 si
1571 2607 1645 2672 ergo
1661 2591 1748 2654 multi
1773 2589 1846 2653 laici
1873 2593 1961 2652 inre-

135 2727 137 2732 .
190 2670 251 2728 etc.
1091 2676 1214 2738 utantur
1225 2675 1378 2738 doctiores
1404 2676 1581 2755 episeopis,
1598 2677 1645 2738 rel
1660 2689 1760 2754 acque
1781 2673 1868 2736 docti
1884 2721 1894 2749 ,
1911 2691 1970 2736 cur

225 2747 420 2826 Respondco:
436 2753 539 2816 Hultis
553 2755 653 2818 modis
668 2773 761 2835 posse
784 2757 898 2836 aliquid
924 2777 1047 2838 roprao·
1093 2773 1154 2820 non
1169 2758 1405 2820 vocabunturad
1422 2757 1616 2820 concilium?
1717 2764 1720 2769 “

183 2832 310 2906 scotori,
326 2834 380 2895 sed
395 2836 542 2913 optimum
559 2840 682 2900 modum
698 2856 781 2913 esso,
792 2857 852 2920 quo
864 2858 920 2920 per
935 2845 1046 2920 princi·
1113 2863 1117 2872 ·
1133 2840 1316 2920 Respondeo
1331 2840 1368 2901 ad
1385 2839 1721 2920 primumtsenlentiom
1737 2837 1831 2902 unius
1850 2839 1968 2916 privati

183 2927 240 2990 pes
257 2928 529 2990 repraesentantur
543 2922 659 2998 populi.
677 2921 762 2983 Sicut
777 2923 858 2983 onim
872 2926 901 2985 in
915 2927 1046 2988 comitiis
1092 2937 1184 3000 posse
1200 2923 1343 3002 anteponi
1357 2924 1528 2984 sententiae
1553 2923 1676 2986 concilii
1701 2919 1860 3002 generalis
1892 2928 1968 2981 ante

184 2995 384 3070 generalibus
400 3001 563 3063 nurltorom
579 3008 719 3065 slatunml
739 3006 918 3085 congregari
945 3007 1047 3070 solent
1090 3004 1388 3081 definitionemdum
1403 3021 1509 3067 caussa
1525 3005 1698 3084 discutitur3
1717 3006 1745 3066 in
1762 3002 1970 3066 discussione

183 3077 331 3140 consules
344 3081 390 3140 rel
407 3082 521 3143 domini
538 3085 690 3148 civitatum
707 3134 715 3156 ,
739 3087 784 3148 sic
800 3103 830 3149 rn
846 3089 978 3151 comitiis
989 3087 1046 3154 Ec·
1090 3089 1174 3150 enirn
1189 3087 1330 3159 eruditio,
1347 3103 1408 3150 uon
1424 3089 1587 3150 auctoritas
1602 3101 1755 3168 personae
1781 3086 1904 3165 primas
1924 3093 1969 3147 tc·

182 3157 298 3221 etesiae
313 3163 510 3240 generalibus
524 3174 748 3246 congregantur
759 3185 868 3234 omnes
882 3171 1042 3252 episcopi:
1090 3177 1165 3252 uet3
1181 3177 1336 3249 praeterea
1364 3171 1455 3233 otiam
1481 3175 1551 3250 post
1572 3169 1806 3240 doltnlttooem,
1833 3169 1970 3248 quondo

181 3254 255 3334 narn
270 3241 401 3320 quilibet
415 3249 582 3328 episcopos
593 3265 755 3327 personam
766 3252 844 3330 gerit
855 3269 928 3315 snae
940 3254 1045 3319 Ecclo·
1091 3257 1220 3325 conslut,
1237 3252 1401 3316 concilium
1423 3251 1519 3315 luisse
1531 3253 1737 3332 illegitimum:
1751 3259 1781 3313 at
1792 3251 1885 3314 nullo
1899 3267 1969 3313 mo·

180 3337 257 3394 arao,
272 3330 306 3390 ut
323 3331 404 3402 potet
418 3343 454 3390 ox
471 3327 621 3409 cypriano
636 3332 690 3396 lib.
707 3333 832 3413 lepist.
848 3333 879 3397 ιι.
893 3335 943 3398 ubi
957 3337 1042 3413 dicit,
1090 3335 1130 3397 do
1146 3341 1213 3412 post
1227 3334 1437 3400 delinitionem
1455 3335 1578 3397 concilii
1593 3335 1735 3415 legitimi.

179 3401 350 3468 Ecclesiam
368 3423 439 3472 esse
455 3411 485 3472 in
499 3413 658 3492 episcopo.
671 3415 772 3488 Quare
786 3415 940 3480 Eusebius
952 3420 1041 3484 litui.
1129 3415 1171 3478 td
1187 3418 1262 3480 illud
1277 3433 1315 3480 ex
1331 3416 1483 3493 Gratiano,
1500 3418 1569 3480 dica
1583 3419 1705 3498 primo,
1731 3415 1857 3478 mentiri
1885 3415 1971 3478 Her·

179 3485 220 3548 de
234 3487 293 3548 rita
307 3487 496 3555 Grmstantini
511 3541 519 3562 .
536 3497 701 3559 concilium
729 3500 944 3578 opiscoporum
970 3501 1041 3565 318.
1089 3514 1247 3575 mannum,
1261 3515 1331 3562 eum
1348 3499 1400 3572 ait,
1416 3498 1587 3562 secundum
1613 3498 1790 3569 Gratianum
1806 3501 1968 3576 anteponi

179 3575 268 3631 rocol
283 3579 465 3658 conrontum
480 3577 565 3644 erbis
577 3583 775 3643 terrnromdit
785 3582 973 3662 Augustinus
985 3585 1039 3646 lib.
1084 3581 1307 3662 Hieronymum
1320 3581 1452 3645 concilio
1467 3581 1615 3662 generali3
1631 3596 1693 3644 non
1709 3581 1791 3643 enim
1808 3581 1848 3642 do
1868 3597 1971 3660 gene-

180 3651 210 3713 ι.
227 3652 266 3714 do
277 3651 441 3732 baptismo,
458 3677 526 3740 cap.
544 3659 595 3723 rs.
618 3661 756 3734 eiusdem
784 3665 905 3727 concilii
921 3669 1040 3744 cpisco·
1089 3664 1158 3740 rati,
1174 3666 1229 3726 sed
1245 3665 1284 3727 do
1297 3663 1468 3743 particulari
1481 3663 1798 3744 loquiturGralianns.
1814 3663 1971 3724 Secundo

178 3749 289 3810 porum
304 3753 505 3818 ,eonsensum
524 3751 608 3806 vocat
624 3746 716 3809 totius
738 3747 895 3810 Ecclesiae
911 3765 1043 3812 conson-
1091 3745 1172 3819 dico,
1189 3747 1240 3808 illo
1255 3748 1357 3819 rerba,
1374 3761 1452 3824 auae
1467 3745 1627 3808 Gratianus
1642 3745 1825 3815 Hieronymo
1838 3745 1969 3817 tribuit,

178 3830 260 3878 som.
654 3889 658 3900 Ι
1092 3843 1243 3908 nusquam
1258 3828 1387 3890 inveniri
1401 3829 1432 3889 in
1449 3827 1593 3907 oporibus
1615 3826 1794 3907 Hieronymi
1811 3842 1898 3900 ‚uec
1922 3829 1970 3888 ri-

218 3896 330 3974 Tertio‚
344 3899 495 3980 objiciunt
510 3905 603 3969 iidem
617 3905 921 3988 ibidom300mmunis
937 3929 1046 3977 caussa
1093 3911 1158 3972 dori
1175 3911 1244 3992 ojus
1258 3911 1362 3973 rerba.
1374 3909 1476 3971 Tertio
1491 3909 1571 3984 dico,
1586 3909 1761 3973 Gratianum
1778 3925 1816 3974 eo
1831 3909 1907 3971 loco
1920 3911 1967 3970 la-

177 3982 394 4047 commonibus
409 3988 486 4050 rotis
500 3993 532 4050 ot
545 3989 660 4053 viribus
672 3991 802 4072 juranda
816 4001 874 4068 est,
890 3995 944 4056 sed
960 4013 1048 4059 oaus-
1093 4009 1183 4071 psum
1200 3993 1348 4055 esseHou
1363 3990 1445 4053 enim
1460 3997 1597 4071 pugnant
1609 3991 1826 4068 Hieronymus,
1843 3997 1878 4053 et
1888 4009 1970 4054 cun·

177 4079 211 4122 sa
226 4062 297 4126 ltdoi
314 4076 361 4128 est
376 4071 549 4132 communis
565 4074 710 4135 omnibus
732 4074 924 4150 Claristianis3
941 4093 998 4138 noc
1014 4095 1045 4139 o·
1094 4074 1222 4150 cilium,
1251 4082 1283 4135 nt
1308 4072 1467 4137 Gratianus
1494 4076 1617 4152 putarit.
1640 4074 1847 4154 Hieronymus
1876 4075 1969 4136 cuim

175 4145 239 4204 uim
255 4150 358 4220 minos
370 4148 449 4214 tides
464 4153 502 4214 ad
520 4154 627 4226 laicos,
641 4173 731 4235 quom
748 4158 785 4219 ed
807 4159 936 4220 clericos
951 4160 1044 4237 perti·
1092 4162 1207 4219 lantum
1233 4157 1328 4232 dixit,
1344 4157 1514 4218 seeundum
1531 4157 1631 4236 legem
1657 4163 1795 4220 retorem
1824 4157 1965 4218 licuisse

176 4233 240 4303 not3
256 4226 349 4307 igitur
362 4233 400 4292 ad
417 4235 545 4296 eoncilia
563 4238 654 4299 etiarn
670 4238 739 4301 laici
753 4240 940 4302 convocandi
962 4247 1044 4303 sunt.
1091 4241 1201 4316 raptori
1216 4240 1328 4301 ducere
1344 4239 1374 4300 in
1390 4253 1515 4300 uxorem
1531 4239 1720 4302 mulierema
1736 4255 1771 4302 so
1783 4245 1919 4318 raptam,
1938 4243 1968 4302 si

177 4307 372 4386 llosponrleo:
390 4313 534 4378 Gaussam
550 4318 619 4380 lidei
635 4321 671 4380 ad
684 4337 793 4384 ornnes
809 4322 971 4397 pertinere,
989 4325 1045 4386 sod
1091 4327 1178 4399 puter
1192 4321 1261 4400 cjns
1276 4321 1458 4397 consentiae
1473 4319 1636 4385 concilium
1660 4327 1762 4383 autom
1778 4322 1910 4396 statuit,
1933 4331 1970 4388 ut

177 4389 299 4452 diverso
314 4395 417 4472 nrorl03
435 4411 504 4458 nam
520 4401 557 4460 ad
573 4403 724 4477 praelatos
744 4404 928 4483 pertinet,ul
943 4406 1045 4466 docto·
1094 4419 1153 4464 nan
1170 4403 1308 4465 obstante
1325 4405 1393 4482 lego
1409 4401 1458 4463 illa
1471 4402 1587 4480 reteri,
1616 4419 1695 4483 quae
1721 4403 1883 4484 judicialis
1900 4413 1969 4472 est,

175 4485 238 4564 τρες
254 4473 291 4534 ad
308 4483 457 4556 caeteros,
468 4481 695 4563 utdtscipulos3
707 4485 787 4548 sicut
800 4487 829 4548 in
843 4486 926 4549 bello
938 4501 1046 4549 caussa
1094 4491 1125 4546 ct
1139 4485 1325 4548 Gbrisliauos
1341 4503 1403 4546 non
1428 4483 1564 4565 obligat,
1594 4501 1655 4548 nou
1678 4485 1771 4550 licoat
1792 4487 1913 4566 raptori
1933 4487 1969 4550 in

174 4555 320 4616 rrctoriae
335 4557 371 4618 ad
390 4565 484 4621 toturn
499 4563 664 4626 exercitum
678 4567 922 4648 pcrtinet3tamon
935 4569 1049 4632 ducum
1094 4581 1218 4629 uxorem
1235 4567 1349 4630 docere
1362 4583 1441 4640 cam,
1459 4583 1550 4648 quam
1565 4566 1677 4648 rapuit.

174 4641 223 4697 cst
236 4639 417 4719 praecipere
442 4649 473 4704 et
498 4643 612 4708 ducere
627 4650 793 4713 exereitum
810 4698 819 4727 ,
849 4659 1039 4715 caeterorum
1131 4649 1176 4711 nd
1192 4649 1266 4711 illud
1280 4665 1317 4712 or
1330 4648 1543 4711 Panormitano
1558 4655 1588 4711 el
1604 4649 1828 4721 Gereone,dico
1845 4651 1972 4730 primo.

174 4733 326 4796 pugnare.
1091 4747 1146 4794 eos
1160 4731 1245 4811 loqui
1261 4731 1519 4804 conditionaliter,
1536 4733 1614 4794 sicot
1629 4733 1811 4812 aposlolus,
1829 4749 1905 4795 cum
1924 4737 1973 4796 uit

206 4799 248 4893 ⁸Si
264 4803 334 4880 quis
350 4803 476 4884 objiciat
492 4807 541 4867 illa
557 4810 649 4872 rerba
666 4809 776 4874 ltlcolai
792 4813 852 4876 I.in
866 4815 992 4894 epistola
1006 4816 1042 4878 ad
1090 4815 1128 4875 ad
1144 4811 1238 4875 Galat.
1255 4814 1285 4875 l.
1301 4813 1335 4876 st
1348 4830 1419 4884 noo,
1432 4817 1492 4876 aul
1511 4815 1647 4894 angelate
1662 4816 1703 4879 de
1717 4815 1806 4878 caelo
1820 4830 1973 4894 monpe-

174 4879 366 4960 bicubitalem,
384 4903 462 4963 quae
480 4890 631 4953 Habentur
646 4893 735 4954 ctiam
748 4894 820 4958 dist.
833 4895 888 4961 tte.
902 4896 1043 4961 oaaltnl-
1092 4895 1165 4958 lieet
1179 4900 1238 4958 alc.
1254 4895 1341 4959 Sicut
1355 4911 1428 4974 orgo
1443 4911 1480 4956 ex
1496 4895 1697 4960 conditionali
1711 4899 1871 4961 sententia
1888 4917 1974 4980 apo·

172 4977 255 5024 nam:
275 4965 422 5044 illinunt,
439 4969 551 5050 inquit,
576 4970 694 5051 legistis
709 4975 938 5056 ,imperatores
953 4985 1042 5042 antc-
1089 4977 1163 5040 stoli
1175 4994 1235 5038 uon
1250 4977 1323 5040 licet
1337 4977 1504 5057 colligere,
1532 4995 1606 5061 orgo
1625 4981 1759 5058 aposloli
1788 4985 1820 5044 ot
1850 4985 1971 5062 angeli

171 5060 312 5140 curares
326 5057 444 5115 aeaeae
468 5057 683 5135 synodalibus
709 5061 917 5123 couocntibus
944 5061 1042 5124 inter·
1087 5065 1226 5138 poterant
1240 5061 1447 5140 evangelizare
1462 5058 1576 5142 aliquid
1592 5062 1778 5125 contrarium
1794 5065 1974 5143 evangelie

169 5125 282 5202 suase,
300 5132 367 5193 uisi
379 5133 509 5210 sarucia
531 5137 740 5217 cuiusdam,
755 5142 814 5204 ulli
838 5143 879 5205 de
898 5143 962 5222 [lde
977 5148 1041 5206 tra·
1088 5141 1211 5214 cnrtsn,
1227 5141 1266 5204 ita
1285 5157 1410 5222 qunque
1425 5157 1462 5204 ex
1478 5157 1539 5218 oa,
1566 5144 1646 5224 quod
1672 5143 1915 5209 Panormitanus
1934 5159 1974 5212 et

172 5213 450 5293 autumatque
463 5221 661 5283 uniuersalis
676 5229 752 5299 ast,
782 5239 867 5303 qtcoo
896 5227 1043 5288 pluuium
1088 5223 1203 5286 Gersou
1220 5224 1335 5294 dicunt,
1354 5225 1449 5287 licere
1462 5225 1630 5306 unicuique
1645 5225 1793 5290 resistere
1806 5229 1968 5307 concilio,

171 5297 375 5368 commercia,
403 5313 493 5377 quae
518 5317 588 5366 aloa
614 5305 721 5366 salerna
747 5307 937 5369 adelericus
955 5353 963 5380 ,
989 5325 1040 5369 co·
1085 5311 1137 5368 aul
1152 5322 1260 5385 papae,
1277 5305 1303 5366 si
1316 5321 1371 5367 cos
1386 5318 1487 5370 errare
1499 5308 1609 5385 rideat3
1626 5323 1689 5372 non
1704 5309 1802 5373 licere
1825 5311 1969 5390 collige-

141 5379 145 5386 '
168 5387 244 5436 rum
267 5377 365 5439 etiarn
391 5381 436 5443 od
453 5383 564 5454 laicos,
596 5392 748 5451 elotanae
787 5389 920 5451 onanino
942 5391 1042 5468 perti·
1087 5402 1131 5460 ro,
1158 5400 1230 5467 ergo
1246 5387 1386 5450 absoluto
1401 5389 1530 5451 concilio
1545 5395 1573 5452 et
1587 5389 1869 5470 pontillceserraro
1887 5411 1971 5472 pos·

150 5461 223 5518 snat
239 5456 459 5525 Girristiaaos?
475 5465 663 5544 Responderi
680 5475 802 5548 potest,
824 5471 980 5533 Nicolaum
1004 5487 1041 5533 ex
1086 5473 1168 5544 sunt,
1186 5477 1217 5531 ot
1231 5471 1301 5532 ideo
1313 5469 1420 5549 privati
1448 5472 1591 5534 borniocs
1611 5473 1648 5534 od
1675 5473 1808 5537 concilio
1823 5479 1970 5540 recondi

171 5553 221 5632 eo,
236 5540 318 5635 quod
330 5541 408 5606 tides
425 5551 600 5611 communis
616 5559 664 5612 ost
678 5552 832 5630 omnibus,
850 5545 933 5616 recte
947 5555 1040 5616 colle·
1087 5557 1169 5614 sont.
1183 5551 1255 5614 ilico
1266 5551 1416 5628 secundo,
1433 5569 1487 5616 eos
1502 5553 1587 5630 ioqui
1611 5555 1650 5617 do
1665 5557 1858 5630 resistentia,
1876 5577 1970 5640 quae

166 5635 264 5700 gesse,
286 5633 503 5703 imperatorem
519 5631 634 5696 debere
655 5635 819 5715 iuteresse,
836 5651 896 5700 non
914 5636 1038 5716 quidem
1086 5641 1183 5712 potest
1198 5636 1263 5696 lteri
1279 5635 1411 5698 concilio
1427 5637 1473 5697 rot
1488 5653 1598 5716 papae,
1616 5643 1754 5718 tempore
1781 5641 1966 5704 discussio-
