4082 6300
260 353 313 412 tte
971 351 1016 410 DE
1033 349 1186 412 CitElthiS

188 489 221 570 pi
235 487 357 553 clericis
382 488 532 556 dominari
558 489 672 552 uellent
696 501 788 568 quam
808 485 895 550 laicis
909 532 917 562 ,
933 491 1046 567 quanto
1092 487 1246 566 quomodo
1261 485 1359 553 daron
1374 535 1382 563 ,
1398 492 1430 552 ct
1443 487 1549 552 Petrus
1574 487 1664 551 electi
1681 487 1767 550 lucre
1781 533 1789 558 ,
1803 492 1854 547 out
1869 485 1957 547 llens

189 571 294 636 clerici
310 573 407 654 magis
421 571 575 646 subjecti,
592 576 683 649 atque
703 570 914 650 obsequentes
928 571 1047 650 episcc-
1093 586 1148 650 per
1162 569 1316 635 bomines.
1333 571 1407 636 Cum
1421 577 1523 634 autern
1539 570 1744 650 perbomtnes
1760 571 1841 631 llens
1857 569 1957 643 eligit.

190 655 251 736 pis,
267 660 302 718 ut
315 657 429 736 proprii
446 671 551 718 eorum
566 653 756 728 administri,
773 669 812 718 ex
827 653 894 732 ipsa
908 669 964 715 sua
978 669 1047 732 pro·
1093 654 1190 716 antid
1213 653 1284 716 lacit
1308 655 1437 717 naturali
1464 655 1713 734 propagatione
1731 653 1886 732 quomodo
1902 651 1960 712 tllii

191 737 328 802 sessione
342 740 457 803 debent
470 753 553 813 esse,
569 753 659 816 quam
673 737 756 809 laici,
773 744 935 816 propterea
949 735 981 798 b.
994 736 1048 798 Pe·
1092 738 1212 811 Aaron,
1230 743 1262 799 et
1275 743 1405 816 nepotes
1430 739 1504 799 olim
1518 738 1554 798 nd
1578 736 1781 799 sacerdotium
1799 736 1960 813 pervenie-

191 827 257 884 trus
272 820 436 901 episcopos
461 825 585 895 monet,
602 827 635 882 ut
649 819 826 882 uniuersum
841 818 966 899 quidem
981 835 1049 897 gre·
1093 818 1234 894 bant‚aut
1248 827 1331 884 certe
1346 820 1514 884 uoluntaria
1529 819 1693 882 electione.
1710 818 1835 892 Quodsi
1851 819 1960 878 uolun-

185 918 256 984 gem
272 903 435 985 diligenter
450 903 653 982 pascantsed
670 903 700 964 in
716 901 883 980 pascendis
897 902 986 964 laicis
1000 913 1048 964 ca·
1094 903 1167 965 tatia
1184 904 1336 966 electione
1350 949 1358 978 ,
1376 909 1427 966 aut
1442 904 1557 976 auius,
1574 918 1634 980 qua
1650 900 1767 964 ratione
1783 899 1927 962 Clemens
1944 917 1962 961 a

189 990 279 1051 ceant
293 991 381 1066 turpe
395 985 562 1072 lucrantia
575 985 697 1050 clericis
709 985 855 1064 regendis
866 984 985 1067 fugiant
995 984 1049 1048 do·
1093 984 1183 1047 Petro
1198 985 1317 1050 electus
1331 987 1463 1059 dicitnr,
1480 991 1531 1048 act
1546 985 1678 1064 plurium
1691 1001 1701 1061 ς
1717 983 1788 1046 etsi
1804 983 1960 1064 plurium,

188 1067 325 1136 udaandi
341 1069 551 1147 cupiditatem.
1094 1066 1276 1146 anrpopctt,
1293 1069 1444 1141 aut-cleri,
1460 1074 1511 1131 aut
1526 1069 1703 1147 utriusque.-

231 1150 335 1225 udde,
351 1151 432 1226 quod
450 1167 564 1214 nomen
577 1149 653 1214 cieri
669 1151 839 1214 derivatum
854 1156 901 1212 est
914 1148 952 1212 ad
965 1149 1050 1213 Chri·
1136 1151 1212 1213 Sunt
1226 1161 1329 1216 autem
1355 1160 1415 1215 tres
1430 1153 1469 1213 de
1486 1153 1542 1214 trac
1556 1156 1616 1214 tcta
1639 1148 1821 1229 quaestione
1836 1153 1964 1210 senten·

189 1233 305 1298 stiaucs
320 1250 336 1296 a
351 1233 522 1306 ludaetsnn
537 1235 605 1302 sinc
620 1233 714 1296 dnbio
729 1250 757 1296 s.
774 1234 881 1296 Petrus
896 1232 1049 1294 allusitad
1095 1231 1166 1296 tiae.
1183 1234 1279 1297 Prinna
1304 1235 1432 1297 loannis
1453 1234 1564 1297 illiciet
1587 1241 1618 1296 et
1631 1232 1759 1294 loannis
1788 1231 1868 1293 lluss
1883 1279 1891 1302 ,
1908 1229 1963 1306 qui

188 1316 295 1379 latites
309 1315 506 1388 iudaeorum,
523 1316 576 1394 qui
592 1316 683 1378 Num.
698 1315 748 1379 18.
766 1324 797 1378 et
812 1317 937 1378 beuter.
951 1315 1049 1378 l·8.di·
1094 1320 1173 1378 teste
1187 1317 1303 1380 Titoma
1318 1318 1472 1380 Waldensi
1487 1317 1542 1379 lib.
1558 1316 1590 1378 2.
1606 1314 1737 1377 doctrin.
1750 1312 1822 1376 tidei
1835 1311 1961 1391 capdb.

188 1403 299 1461 cuntur
324 1400 449 1462 esseda
464 1406 546 1461 sorte
571 1399 715 1473 Domini,
732 1404 764 1460 ot
778 1399 924 1462 Dominus
940 1397 1051 1462 dicitur
1095 1403 1127 1458 et
1141 1399 1192 1460 lb.
1209 1400 1372 1476 docebant,
1382 1401 1480 1462 solius
1495 1399 1549 1462 liei
1566 1415 1678 1461 munus
1693 1408 1765 1460 esse
1780 1397 1896 1475 eligere
1909 1413 1962 1470 pa·

190 1497 261 1546 csse
275 1496 382 1544 eornm
394 1497 462 1544 sors
474 1487 505 1544 et
515 1483 773 1560 haereditasqnia
785 1481 908 1544 donarit
918 1481 966 1544 eis
976 1497 1051 1560 quo·
1096 1489 1196 1544 stores
1211 1481 1370 1546 Ecclesiae
1388 1501 1397 1561 3
1416 1483 1497 1562 quod
1514 1481 1572 1544 soti
1588 1480 1630 1560 pii
1646 1487 1678 1544 et
1691 1477 1920 1558 praedestinati,
1931 1493 1964 1539 e·

190 1563 353 1634 dammodo
368 1571 486 1644 partem
501 1564 861 1646 suam,idest,decimaS,
878 1569 912 1626 et
923 1564 1051 1626 oblatio·
1095 1564 1216 1644 piscopi
1232 1572 1263 1628 et
1278 1574 1416 1646 pastores
1429 1581 1500 1628 osse
1516 1567 1653 1644 possint,
1665 1570 1696 1628 et
1710 1563 1798 1624 scius
1812 1562 1896 1623 ucns
1909 1576 1963 1620 no·

190 1661 249 1708 nes
263 1645 396 1709 liliorum
422 1645 534 1710 lsrael;
546 1648 638 1711 Porro
663 1647 764 1710 ieritis
784 1663 846 1708 non
861 1648 1053 1725 respondent
1095 1646 1183 1719 verit,
1199 1649 1251 1726 qui
1267 1651 1328 1712 sint
1343 1649 1384 1728 pii
1400 1655 1431 1710 et
1445 1647 1676 1719 praedestinati.
1693 1645 1768 1708 llidc
1783 1645 1813 1728 io
1829 1643 1967 1705 concilio

189 1731 223 1790 in
237 1727 378 1792 Ecclesia
394 1731 462 1792 noui
477 1730 663 1794 testamenti
678 1746 787 1793 omnes
802 1728 978 1800 Christiani,
994 1728 1050 1791 sed
1097 1730 1318 1795 eortstantiensi
1344 1748 1424 1796 sess.
1441 1731 1472 1794 8.
1490 1737 1520 1793 et
1535 1731 1585 1792 lb’.
1600 1730 1747 1792 articulos
1762 1730 1872 1789 borum
1889 1726 1963 1787 bae·

190 1811 249 1874 soli
265 1811 464 1886 sacerdotes,
482 1829 651 1891 corumque
676 1811 821 1876 ministri.
835 1811 946 1874 Petrus
962 1812 1053 1892 igitur
1097 1812 1275 1876 reticorum.
1326 1866 1327 1875 ,
1791 1885 1793 1890 ,

189 1893 406 1964 nomiuecleri
421 1909 483 1958 non
499 1911 608 1966 ornnes
623 1894 985 1970 utristtanosscdsotos
996 1895 1052 1956 mi·
1138 1895 1238 1958 bitem
1253 1897 1405 1962 sententia
1422 1903 1470 1959 est
1484 1895 1602 1958 ltarttni
1617 1891 1886 1968 Lntberi,ioannis
1900 1888 1969 1952 Cal·

192 1975 308 2039 nistros
322 1977 551 2042 ecclesiasticos
565 1978 727 2041 intellexit.
1097 1975 1181 2050 vini,
1209 1979 1352 2042 Matthiae
1377 1979 1513 2060 lllyrici,
1540 1977 1668 2040 ioannis
1693 1975 1828 2048 licentii,
1845 1971 1970 2035 llartini

233 2058 322 2138 Quod
346 2059 374 2123 si
388 2059 465 2124 baec
480 2061 688 2140 interpretatio
708 2060 746 2122 ab
761 2059 945 2123 aduersariis
960 2060 1054 2124 obsti·
1098 2059 1257 2134 Kemnitii,
1274 2063 1466 2142 aliorumque
1482 2062 1575 2141 bujus
1589 2059 1739 2138 temporis
1750 2057 1969 2132 sectariorum,

193 2147 267 2204 nale
281 2141 448 2221 rejiciatur,
466 2143 543 2206 nihil
559 2149 607 2206 est
621 2160 676 2207 onr
690 2159 877 2222 magnopere
888 2145 1055 2206 contenda·
1099 2144 1151 2220 qni
1167 2145 1352 2208 electionem
1380 2153 1411 2208 et
1434 2150 1636 2212 vocationem,
1651 2139 1722 2221 jure
1734 2141 1836 2202 diuino
1852 2140 1891 2200 nd
1909 2140 1966 2198 Ec·

194 2239 275 2286 mus.
292 2223 396 2290 Potest
420 2226 503 2288 enim
518 2227 627 2290 eadem
653 2227 818 2306 appellatio
844 2225 918 2288 cleri
934 2227 1053 2290 dircrsa
1076 2227 1077 2232 ’
1100 2225 1225 2288 alesiam
1241 2229 1492 2302 universamboc
1507 2234 1565 2298 est,
1582 2225 1619 2287 ad
1635 2226 1753 2287 clerum
1769 2231 1800 2286 et
1815 2221 1968 2301 populum

193 2301 311 2369 catione
328 2323 396 2369 cum
412 2309 574 2374 universae
589 2309 760 2383 Ecclesiae,
773 2315 840 2371 tum
856 2308 933 2370 solis
947 2311 1053 2387 templi
1100 2316 1241 2386 spectare
1256 2311 1372 2384 uolunt,
1387 2313 1426 2372 ita
1442 2327 1569 2390 prorsus
1582 2315 1615 2370 ut
1630 2308 1697 2369 sine
1712 2306 1816 2386 populi
1833 2320 1969 2368 consen·

194 2388 342 2452 ministris
357 2390 516 2468 aptissime
527 2391 781 2454 conuenireNam
794 2397 826 2453 ut
837 2391 976 2454 Ecclesia
989 2389 1055 2454 uni·
1100 2407 1137 2454 su
1153 2408 1189 2454 ac
1203 2392 1353 2472 suffragio
1365 2411 1456 2456 nemo
1472 2391 1606 2472 legitime
1622 2391 1760 2459 electus,
1777 2393 1829 2451 aut
1842 2395 1971 2448 uocatus

193 2487 292 2546 uersa,
309 2486 378 2534 sors
391 2480 484 2552 atque
499 2475 673 2539 baereditas
687 2474 799 2538 curisti
815 2475 972 2552 estquod
988 2490 1055 2536 cam
1100 2473 1138 2536 ad
1153 2474 1363 2554 episcopatum
1381 2471 1970 2546 111111θῶ1110οθθῑθθθοθθθι,θθθθ

195 2554 373 2630 acquisierit
386 2557 536 2636 sanguine
551 2574 620 2630 suo,
631 2565 663 2620 et
682 2557 775 2620 simul
789 2564 890 2619 tamen
906 2557 1055 2637 quaedam
1101 2571 1157 2634 per
1174 2573 1282 2622 manus
1296 2559 1527 2636 impositionem
1547 2557 1613 2620 lieri
1630 2555 1731 2630 sciet,
1748 2555 1826 2616 solis
1841 2552 1972 2630 pastori·

195 2641 279 2699 cerlo
294 2636 454 2701 Ecclesiae
470 2640 579 2717 portio,
589 2640 693 2708 abacis
707 2639 880 2703 ministerio
895 2657 1056 2703 conscera—
1101 2639 1160 2701 bus
1174 2643 1323 2704 tribuunt.
1339 2643 1399 2704 lieo
1414 2645 1500 2704 enim
1514 2640 1579 2702 deri
1594 2644 1701 2717 posset
1725 2643 1758 2699 ut
1773 2643 1856 2698 totus
1872 2653 1971 2714 popu·

194 2723 233 2786 ta.
251 2721 348 2798 magis
362 2722 486 2798 propria
501 2723 636 2786 rationes
651 2738 730 2797 sors,
742 2730 772 2786 et
786 2723 1057 2802 baereditasejus·
1101 2723 1151 2784 lus
1164 2735 1274 2786 manus
1299 2727 1493 2803 imponeret.
1509 2724 1568 2786 sed
1581 2724 1621 2783 ita
1646 2731 1747 2782 tamen
1763 2720 1903 2781 adsutus
1921 2735 1971 2796 pa·

195 2801 266 2864 dem
280 2801 391 2864 (ibristi
407 2803 467 2866 dici
483 2812 604 2883 potest,
622 2822 683 2868 non
700 2821 791 2869 secus
812 2807 992 2886 atquealim
1008 2823 1057 2886 sy·
1102 2813 1203 2868 stores
1228 2823 1339 2870 munus
1356 2809 1415 2870 boo
1441 2807 1597 2876 referunt,
1616 2804 1706 2865 atilli
1734 2801 1860 2864 nornine
1875 2804 1973 2861 tritine

192 2899 310 2963 nagoga
325 2883 510 2949 ludaeorum
527 2889 668 2950 universa
684 2889 714 2950 in
731 2887 818 2950 libris
842 2889 1058 2968 prophetarum
1103 2888 1178 2950 cleri
1193 2905 1228 2974 ac
1245 2891 1349 2968 populi
1366 2889 1453 2952 nouis
1479 2887 1655 2967 pastoribus
1672 2901 1781 2949 manus
1795 2886 1970 2962 imponant,

193 2966 308 3046 passim
321 2967 624 3032 baereditasDomini
637 2972 898 3050 vocabaturqnod
911 2987 978 3033 eam
990 2973 1058 3033 uni·
1103 2987 1221 3034 aouere
1235 2971 1297 3034 dici
1312 2974 1410 3051 possit
1425 2979 1505 3035 totus
1520 2973 1623 3032 clerus
1638 2985 1674 3030 ac
1688 2969 1823 3046 populus
1840 2983 1904 3028 non
1922 2983 1973 3028 so·

193 3065 313 3115 uersam
328 3051 410 3114 lteus
425 3067 462 3114 ex
476 3050 614 3132 Aegypto
629 3054 803 3126 liberasset,
818 3059 849 3115 et
860 3055 1058 3134 quodammo·
1104 3055 1167 3116 lum
1183 3055 1299 3134 eligere
1314 3073 1349 3116 ac
1367 3071 1473 3117 occare
1491 3059 1647 3132 pastores,
1664 3053 1723 3113 sed
1736 3049 1863 3112 eosdem
1879 3048 1975 3110 etiam

193 3131 234 3194 do
249 3131 452 3212 redemisset,
471 3141 501 3196 ct
517 3142 619 3199 tamen
641 3136 868 3199 sotamertbnm
883 3137 1057 3211 leviticam,
1103 3135 1225 3200 initiare
1241 3144 1272 3200 et
1287 3138 1440 3200 ordinare.
1458 3137 1519 3200 Sed
1534 3136 1631 3197 verbu
1643 3135 1781 3213 ipsorum
1795 3132 1972 3194 audiamus.

193 3230 285 3308 quam
300 3213 394 3278 rebus
409 3218 506 3279 sacris
522 3219 855 3297 praefeceratspcciaii
870 3219 999 3298 quadarn
1013 3235 1060 3280 ra·
1147 3217 1293 3282 llartinus
1319 3221 1471 3282 lmtbcrus
1495 3221 1526 3280 in
1544 3217 1598 3281 lib.
1616 3219 1656 3279 de
1682 3221 1832 3294 potestate
1849 3231 1976 3292 papae:

193 3301 278 3358 tuone
292 3304 407 3360 sortem
421 3315 509 3362 snam
526 3309 557 3364 et
571 3301 793 3366 haereditatem
809 3302 891 3366 idem
907 3301 1058 3365 Dominus
1106 3293 1976 3382 concrctam,inqctr.permnttascpmotaeupptcc-
2027 3351 2028 3368 ,

194 3379 382 3458 appellabat.
971 3381 977 3392 '
1106 3381 1784 3464 nnacommemorot,eempcrenffrn9ium
1797 3381 1927 3459 pcpctt.
1944 3385 1975 3440 ot
2027 3377 2028 3462 ᾗ

712 3495 716 3500 ·
1101 3467 1270 3549 judicium
1286 3470 1550 3548 propmqnornm
1570 3468 1797 3546 episcoporum
1811 3464 1881 3538 ,ita
1895 3462 1978 3524 uite·
2027 3471 2028 3512 t

1106 3567 1191 3628 porta
1205 3559 1261 3620 ,nt
1275 3552 1361 3614 itanc
1373 3569 1416 3614 cac
1433 3553 1494 3612 ltec
1510 3549 1754 3613 ordinationem
1769 3561 1835 3609 esse
1850 3559 1927 3607 cum
1937 3543 1976 3620 fi·
2027 3561 2028 3608 t

484 3699 488 3711 ,
543 3655 663 3720 CAPUT
677 3655 719 3718 Π,
778 3659 780 3666 ·
833 3679 837 3687 «
1107 3635 1210 3697 drucio
1221 3636 1429 3714 pronunciet.
1444 3633 1481 3695 Et
1496 3633 1584 3694 inira:
1598 3631 1659 3694 Noc
1669 3631 1790 3707 referre
1805 3637 1850 3690 est
1863 3643 1978 3690 neces-
2027 3621 2028 3702 l

402 3733 404 3740 ‘
660 3755 667 3764 -
1107 3733 1140 3780 se
1156 3726 1278 3796 qnonto
1303 3718 1430 3795 sctioins
1455 3716 1553 3778 bodie
1568 3715 1689 3776 isritns
1715 3713 1977 3775 dtotncsecmc-

299 3869 301 3874 χ
661 3829 663 3834 ·
1105 3798 1703 3879 rotor,praesentaratsacerdotium
1718 3795 1975 3872 matterepnnn-
2027 3829 2028 3860 2

314 3878 513 3958 lbcpontrcr
526 3887 674 3961 qnooetto
689 3885 730 3964 de
741 3887 948 3950 insurrectore
1107 3883 1203 3953 libna,
1217 3891 1246 3945 et
1258 3884 1361 3958 incito
1371 3883 1493 3962 populo
1507 3879 1679 3960 impositis.
1696 3877 1866 3940 idemtusc
1881 3882 1980 3954 atquc
2027 3911 2028 3918 .

415 3966 643 4030 minostrorum
664 3968 840 4032 Ecclesiae.
1107 3981 1146 4028 ex
1160 3965 1253 4028 norbo
1268 3967 1333 4034 liei,
1343 3973 1377 4027 nt
1391 3966 1458 4044 ipsc
1470 3961 1609 4043 lectatio
1627 3977 1664 4024 eo
1679 3961 1758 4023 libro
1773 3959 1980 4030 demonstrat,
2027 3965 2028 3974 ¹

486 4069 488 4074 ·
1107 4063 1200 4126 quern
1215 4048 1375 4126 inscripsit
1389 4049 1429 4108 de
1445 4045 1642 4110 instituendis
1658 4043 1807 4106 ministris
1821 4088 1830 4114 ,
1844 4043 1881 4101 ad
1898 4041 1979 4103 noe·

790 4153 798 4167 ¹
1106 4147 1186 4192 mos
1202 4129 1337 4192 loannes
1354 4129 1497 4192 Caluinus
1511 4130 1567 4191 lib.
1583 4126 1765 4198 i.,lnstitut.
1787 4123 1981 4187 christianae

238 4208 384 4286 Sequitur
398 4213 492 4275 altera
520 4217 662 4294 quaestio
676 4215 715 4278 de
735 4213 927 4292 institutione
942 4212 1061 4291 episco·
1107 4229 1175 4291 cap.
1191 4211 1222 4274 3.
1238 4212 1255 4296 i
1273 4211 1682 4289 t5.ilnbemns,i·nquit,ecce
1696 4209 1782 4272 borco
1795 4207 1977 4286 legitimam

198 4305 331 4366 porum,
348 4292 539 4374 aliorumque
559 4296 718 4360 Ecclesiae
733 4294 965 4367 ministrorum,
982 4309 1062 4375 quac
1107 4311 1151 4358 eat
1164 4294 1259 4358 oerbo
1274 4293 1714 4368 Delminiatrinccotionem,
1727 4289 1787 4354 nbi
1800 4307 1844 4353 em
1857 4290 1976 4370 popuii

196 4387 271 4466 saue
287 4389 356 4434 cum
371 4377 562 4454 grauissima,
578 4385 640 4441 tum
656 4382 747 4443 etiam
760 4381 923 4442 utilissima
938 4384 1062 4450 estnon
1108 4392 1268 4441 consensu
1279 4383 1309 4440 et
1322 4378 1558 4458 approbatione
1572 4382 1744 4448 creantur,
1760 4374 1819 4454 qui
1831 4374 1895 4435 cisi
1903 4374 1976 4450 t‘rte·

195 4452 234 4548 ad
250 4453 281 4515 rd
297 4455 399 4529 modo,
416 4458 455 4522 de
471 4477 532 4536 quo
548 4463 668 4540 agimus
684 4463 717 4525 in
734 4461 920 4542 praesentia,
948 4463 1003 4524 sed
1020 4465 1063 4522 et·
1108 4463 1174 4524 m'nt
1187 4462 1311 4524 idonei.
1328 4463 1480 4524 l’raeesee
1495 4466 1606 4522 cutem
1617 4459 1767 4522 electioni
1779 4455 1896 4518 debere
1912 4457 1975 4516 cti-

200 4551 261 4596 ram
276 4537 433 4632 aduenam
446 4541 501 4604 Dei
518 4542 691 4608 Ecclesiam
705 4545 968 4627 cognoscendam.
984 4543 1064 4606 illud
1107 4539 1872 4623 aapastoresnoqctdonipertccttntemnetper
1883 4537 1976 4599 nanta

196 4623 298 4715 autem
314 4620 401 4683 unitio
415 4627 673 4701 praemittendum
690 4629 748 4705 'est3
758 4627 963 4708 appellatione
979 4643 1064 4689 crea·
1105 4627 1281 4702 etttdic,nel
1292 4643 1352 4706 per
1366 4627 1542 4690 tumultum
1556 4625 1800 4690 omuttitttdine
1811 4629 1976 4700 peccetur.

195 4706 290 4797 ttcnrs
305 4705 523 4783 episcoporum
539 4709 593 4770 tria
609 4709 1064 4788 contineri3eleoticnemordi·
1107 4709 1246 4772 llattbias
1268 4709 1411 4773 Flaccius
1437 4708 1576 4787 lllprious
1601 4714 1724 4786 praeter
1749 4707 1820 4768 enm
1836 4705 1974 4774 librum,

196 4790 375 4878 nationem,
393 4793 424 4849 et
444 4792 635 4857 uocationem
664 4809 720 4856 seu
737 4795 930 4858 missionem.
948 4792 1085 4854 Electio·
1107 4807 1199 4868 quam
1216 4793 1339 4871 scripsit
1353 4794 1392 4854 de
1407 4791 1560 4854 electione
1576 4788 1840 4870 episcoporumin
1855 4801 1918 4862 quo
1933 4792 1978 4847 to·

196 4867 276 4930 nrltil
291 4874 339 4964 est
353 4869 542 4964 aliudquam
558 4874 734 4952 designatio
747 4884 848 4940 certae
864 4891 1013 4957 personae
1025 4875 1064 4944 ad
1107 4874 1147 4937 tis
1161 4872 1278 4937 viribus
1293 4875 1462 4942 contendit,
1470 4875 1523 4954 jus
1538 4874 1780 4952 eligendintque
1795 4869 1978 4932 instituendi

197 4951 440 5047 ecclesiastcam
456 4955 689 5032 praefecturam.
706 4958 876 5033 Ordinatio,
893 4975 979 5020 sacra
995 4975 1063 5020 oae-
1110 4958 1287 5037 episcopos,
1304 4973 1406 5034 neque
1421 4972 1542 5020 summo
1557 4956 1707 5035 pontifici,
1718 4969 1819 5032 neque
1834 4951 1976 5031 regibus,

197 5047 334 5126 remonte
351 5041 472 5114 estque
488 5043 571 5101 certo
587 5039 649 5102 ritu
661 5039 782 5104 tuturus
794 5044 962 5121 episcopus
973 5043 1063 5103 inun·
1110 5055 1213 5117 neque
1228 5040 1387 5103 canonicis
1403 5039 1653 5118 permittendum,
1670 5035 1931 5104 sedmultitudini
1944 5033 1980 5094 lr-

200 5118 282 5208 gttur
296 5123 328 5177 et
350 5125 563 5183 consecratur.
588 5119 694 5186 lttssto
724 5140 781 5186 seu
806 5125 924 5188 vocatio
936 5125 1063 5204 jurisdi-
1110 5123 1226 5184 delium
1241 5169 1248 5196 ,
1266 5128 1314 5185 cut
1331 5123 1476 5186 convenit
1486 5123 1556 5201 jure
1579 5122 1705 5194 diuino,
1724 5135 1795 5182 esse
1810 5119 1981 5180 restituen-

199 5200 334 5290 ctmuem
349 5200 465 5278 tribuit,
482 5219 518 5266 ac
532 5220 566 5268 re
577 5205 649 5284 ipsu
666 5214 820 5286 pastorem
835 5225 871 5270 ac
883 5207 1062 5286 praesulem
1111 5205 1324 5285 dum3seripsit
1338 5209 1428 5268 etiam
1445 5207 1537 5267 multa
1553 5221 1623 5265 cum
1636 5203 1766 5281 collegis
1778 5203 1846 5264 suis
1858 5198 1983 5276 llagdc·

196 5279 293 5374 Ῐθθῐῑχ
328 5363 333 5376 ,
364 5365 403 5377 Η
610 5323 614 5332 ·
1004 5309 1008 5314 ·
1111 5288 1321 5369 burgensibus
1337 5287 1601 5352 centuriatoribus
1618 5289 1647 5348 in
1664 5285 1983 5349 biscocucctosdcn·

215 5445 221 5456 .
240 5361 349 5458 Extstrt
362 5370 454 5459 rgrtnr
469 5366 549 5451 inter
564 5385 622 5434 uos
637 5379 668 5433 ct
681 5373 874 5437 adversarios
889 5378 1064 5436 controver·
1111 5377 1171 5432 tur.
1190 5373 1219 5434 t.
1237 5373 1279 5434 lib
1292 5415 1296 5428 .
1308 5373 1339 5433 2.
1357 5389 1425 5450 oap.
1442 5373 1474 5432 t.
1491 5371 1551 5434 ool.
1569 5369 1640 5430 cat.
1659 5368 1778 5442 tiabat,
1793 5368 1904 5446 inquit,
1924 5367 1982 5427 Ec·

195 5460 241 5504 stt
258 5492 266 5514 .
283 5461 334 5540 eur
348 5449 544 5540 potussinmm
567 5453 621 5532 jus
636 5455 676 5516 sit
689 5455 721 5517 in
744 5456 883 5519 Ecclesia
898 5459 1064 5535 episcopos
1112 5454 1259 5520 oleoioin
1270 5454 1411 5534 quolibet
1422 5455 1503 5528 loco,
1519 5453 1579 5516 ltoc
1591 5458 1647 5522 est,
1661 5457 1745 5515 totns
1757 5456 1884 5522 coctam,
1900 5456 1983 5520 tum,

194 5528 329 5602 creandi,
347 5529 447 5606 idest,
464 5533 622 5612 eligendi,
640 5539 781 5612 uocandi,
799 5545 891 5619 atque
906 5537 1058 5602 initiandi.
1111 5543 1148 5598 ut
1160 5554 1251 5600 nunc
1262 5553 1428 5610 accontus,
1444 5539 1689 5608 intromittentem
1701 5535 1894 5598 clericerum
1907 5547 1985 5594 con·

192 5609 308 5703 bursus
324 5613 550 5708 observandum
565 5624 624 5690 est,
639 5620 826 5686 electionem
838 5623 944 5686 multis
959 5637 996 5684 ao
1011 5637 1066 5704 θθ·Ι
1101 5619 1246 5700 junctim
1256 5625 1444 5698 potestatem
1459 5619 1613 5698 eligendi,
1623 5618 1812 5682 nouandiet
1823 5617 1985 5679 ordinan-

191 5708 245 5756 ms
262 5695 360 5759 modus
375 5693 441 5761 lieri
458 5712 573 5778 posse:
591 5701 664 5766 Nam
680 5709 732 5768 ant
746 5703 829 5770 Deus
845 5706 931 5770 solus
947 5703 1058 5784 clegit,
1110 5703 1144 5766 di
1156 5704 1544 5768 ministrortdonaosllnn
1558 5701 1720 5766 dissimilia
1732 5707 1894 5783 suntquac
1909 5700 1986 5763 sort·
