4110 6310
848 405 946 462 ttulit
964 405 1136 466 SECUNDUS
1725 403 1778 462 ⁴8⁹

2 572 7 614 ,-
100 537 157 599 bar
172 535 254 599 itlius
268 535 339 609 rim,
369 550 448 616 quae
474 540 597 603 morbos
622 553 729 602 omnes
757 540 894 602 curabat.
915 539 950 600 tt
992 541 1045 610 bei
1061 548 1119 613 εει,
1136 557 1209 624 ergo
1224 547 1254 605 et
1268 550 1405 622 caeterae
1420 541 1570 622 imagines
1584 539 1693 604 Christi
1710 540 1755 600 ret
1778 555 1851 599 sana

101 635 171 682 eum
186 621 302 686 dicarat.
319 621 482 698 imaginem
497 623 607 686 christi
628 622 753 684 iuimiue
777 623 947 701 disjectam,
994 631 1110 687 olorum
1126 625 1215 706 digna
1228 625 1601 704 suatvenerattonequod
1614 625 1694 685 enim
1711 623 1761 683 uni
1775 623 1850 682 ima·

100 704 288 765 mentiuntur
300 703 492 778 apertissime
506 711 608 767 eontra
632 704 724 765 fidem
750 707 884 766 omnium
905 705 950 766 bi·
993 706 1058 784 gini
1073 712 1215 771 convenit
1230 710 1299 787 quia
1315 709 1414 788 imago
1430 715 1485 770 est.
1502 707 1532 768 id
1559 707 1736 780 necessario
1751 704 1849 766 omni·

99 786 291 846 storicorum.
306 785 379 846 Cum
393 793 491 848 arulam
504 786 647 849 ruiracula'
660 788 854 848 testatissima
866 785 954 848 Chri-¹
994 787 1052 850 hus
1077 791 1262 870 imaginibus
1286 790 1540 853 conveniebam
1568 800 1668 852 autem
1692 789 1848 849 homiuem

100 869 152 931 sti.
168 869 378 947 superstitioni
392 870 560 931 diabolicae
576 870 765 941 adscribunt,
795 870 951 931 imitantur
993 873 1198 935 venerabilem
1213 880 1362 952 quatenus
1376 873 1433 936 Dei
1448 881 1494 934 est
1521 875 1633 952 imago,
1665 871 1795 950 epatius
1819 873 1851 930 et

99 950 464 1028 scribasetpbariseens,
491 956 541 1031 qut
558 952 697 1030 ejusdem
727 950 836 1014 Christi
863 952 949 1014 mira·
993 952 1179 1031 augustinus
1191 964 1349 1019 testantur.

99 1033 167 1094 cula
184 1037 214 1093 tn
231 1032 400 1093 Beelzebub
414 1033 492 1107 heri,
510 1033 780 1096 ealmnniabantur.
1034 1036 1163 1114 Cyritlus
1180 1041 1334 1102 catechesi
1353 1038 1404 1100 12.
1420 1037 1466 1099 ειε
1478 1036 1529 1098 ait:
1540 1037 1653 1114 'Imago
1670 1037 1778 1112 ligneo
1790 1041 1849 1096 ter·

141 1115 230 1178 biuita
244 1115 301 1176 ntia
317 1115 459 1177 miracuta
476 1129 530 1196 per
545 1117 693 1193 imagines
709 1134 723 1175 a
739 1117 802 1177 lieo
818 1116 892 1178 iacta
908 1117 950 1177 te·
993 1121 1067 1180 reni
1079 1121 1164 1196 regis
1179 1123 1368 1188 bonoratur,
1386 1127 1508 1202 quanto
1522 1123 1626 1198 onogia
1640 1118 1813 1183 rationulis
1825 1117 1852 1178 i·

98 1198 128 1276 gi
145 1206 273 1277 possunt
288 1200 366 1275 apud
380 1200 463 1274 ipsos
478 1199 758 1277 magdeburgenses
774 1198 860 1260 Ceut.
876 1199 906 1260 o.
921 1204 951 1258 et
994 1217 1090 1280 mogo
1105 1201 1181 1266 Dei?
1195 1207 1378 1284 Augustinus
1394 1201 1601 1281 epist203ad
1614 1201 1806 1263 tianirninum
1823 1215 1855 1260 e·

98 1280 314 1358 sequentibus
345 1297 412 1358 cop.
431 1281 480 1343 ib.
504 1283 553 1360 qui
579 1287 676 1341 tamen
700 1284 888 1359 respondent
913 1282 950 1342 ad
999 1286 1159 1363 piscopum
1175 1287 1412 1358 Donatistarum,
1429 1286 1629 1365 explicatam
1644 1285 1674 1362 in
1691 1283 1854 1360 tituioepi·

100 1366 162 1424 troc
174 1369 386 1441 argumentum
410 1365 550 1427 exlibris
573 1363 733 1432 Carminis,
761 1379 822 1426 arou
851 1366 950 1442 sequi,
999 1366 1129 1444 ειειοιεε·
1144 1369 1265 1432 dixerit:
1282 1369 1472 1432 Honorabili
1495 1367 1603 1445 fratri,
1634 1373 1664 1428 ει
1689 1368 1729 1428 ait
1744 1381 1778 1427 se
1794 1379 1857 1426 nou

2 1459 3 1474 ¹
100 1445 250 1523 imagines
263 1461 331 1506 esse
347 1448 527 1518 adorandas,
558 1447 627 1525 quia
654 1447 799 1508 miracula
826 1445 952 1508 iaciunt.
998 1449 1149 1513 borrnrare
1165 1455 1375 1532 episcopatum
1392 1451 1471 1531 ejus,
1496 1453 1551 1511 sed
1578 1452 1728 1513 bonorare
1753 1447 1857 1526 imagi·

2 1565 3 1572 ,
100 1528 191 1588 biotta
207 1527 288 1588 euim
304 1534 376 1589 sunt
390 1528 520 1607 alia,per
533 1545 610 1605 quae
623 1529 703 1588 heus
716 1530 859 1589 iniracuio
872 1528 952 1602 iacit,
999 1547 1070 1592 nem
1085 1532 1152 1611 Dei,
1169 1551 1261 1615 quam
1275 1535 1306 1596 in
1323 1535 1376 1596 ilio
1391 1533 1509 1600 sciebat
1520 1549 1602 1607 εεεε,
1622 1549 1689 1596 cum
1702 1534 1795 1593 bomo
1808 1547 1856 1591 es-

102 1625 181 1688 quae
195 1614 369 1671 tamennon
384 1613 556 1673 adorantur.
573 1612 642 1674 itam
660 1611 799 1672 itlisoeus
814 1625 956 1690 perquer
1002 1618 1062 1676 set.

2 1717 3 1748 ;
101 1691 500 1772 iordaniscuraritlepram
526 1693 673 1756 Naaman:
701 1693 838 1756 Christus
867 1699 957 1772 sputo
1020 1695 1241 1776 -Respondent
1266 1698 1600 1778 btagdeburgeusesex
1620 1696 1673 1758 tib.
1701 1694 1854 1764 carolino,

2 1811 3 1826 ι
105 1778 222 1836 curarit
235 1789 360 1837 caecum
375 1793 383 1851 3
401 1793 458 1841 uec
474 1783 574 1837 tamen
596 1779 760 1837 adoramus
785 1793 893 1854 aquam
910 1775 957 1837 rei
1002 1788 1215 1856 argumentum
1232 1783 1307 1843 nibil
1319 1781 1516 1854 concludere,
1534 1797 1603 1842 curn
1620 1796 1680 1842 non
1696 1778 1759 1840 siut
1774 1777 1857 1839 simi-

101 1864 238 1937 spulom,
256 1861 328 1938 quin
352 1860 441 1919 etiam
457 1875 512 1937 per
528 1860 668 1920 homiues
685 1860 779 1920 malos
794 1859 958 1938 aliquando
1003 1860 1049 1920 tes
1064 1861 1203 1943 depictae
1218 1866 1367 1942 imagines
1383 1863 1527 1932 bominis,
1544 1869 1577 1924 ut
1602 1864 1701 1941 imago
1727 1859 1782 1922 hei
1797 1866 1857 1934 est,

2 1962 3 1998 l
101 1938 441 2006 tacitheusmiracuta.
458 1947 488 2003 ει
504 1950 603 2002 lamen
629 1957 683 2004 ens
710 1943 850 2004 homines
876 1943 962 2004 omui
1004 1942 1201 2024 imogoenim
1216 1943 1859 2018 Ileiestiomente,simitiludoautemin·

2 2045 3 2050 ’
102 2021 220 2084 bonore
234 2022 579 2103 indignosjudieamus.
1003 2029 1049 2086 ier
1063 2027 1218 2092 bominem
1241 2035 1271 2092 et
1294 2029 1428 2108 pricturas
1453 2034 1501 2090 est
1524 2029 1555 2088 iu
1582 2027 1722 2090 exteriori
1748 2025 1858 2106 figura.

145 2104 338 2182 Respondent
354 2105 560 2184 Spectandum
585 2121 655 2167 esse
679 2105 771 2168 iiuam
798 2107 957 2168 miraculo·
1004 2105 1161 2192 imperite3
1177 2129 1245 2173 nam
1259 2117 1468 2192 argumentum
1495 2112 1660 2188 procedite
1687 2107 1780 2170 simili
1793 2117 1862 2185 pro-

103 2203 183 2262 rum3
199 2187 229 2249 id
246 2187 339 2258 enim,
356 2189 436 2269 quod
452 2189 598 2250 minreuio
614 2188 819 2265 confirmatur,
846 2189 901 2252 hei
917 2195 959 2250 le·
1004 2195 1156 2269 portione,
1171 2202 1203 2258 ul
1217 2193 1300 2257 enim
1316 2201 1406 2256 bomo
1422 2209 1461 2256 se
1475 2193 1570 2254 habel
1584 2194 1621 2253 ad
1639 2193 1746 2264 berun,
1770 2191 1862 2270 cujus

103 2269 281 2331 stimonium
297 2270 467 2333 habetiam
484 2273 622 2332 Etisaeos
637 2278 668 2332 ει
683 2271 820 2334 Christus
833 2289 894 2334 nou
906 2274 960 2334 ad·
1003 2280 1050 2333 est
1064 2274 1177 2358 inrogo,
1194 2282 1235 2340 ita
1249 2294 1283 2340 se
1300 2278 1391 2338 babet
1407 2281 1522 2356 pictura
1538 2277 1574 2337 ad
1591 2275 1755 2344 christum,
1770 2273 1860 2351 cujus

104 2351 271 2414 bibuerunt
298 2369 407 2430 aquam
423 2355 469 2416 ret
495 2362 618 2432 sputum
642 2355 675 2415 in
701 2356 866 2429 miraculis,
882 2363 916 2418 ut
929 2373 959 2418 a·
1003 2360 1050 2418 est
1065 2359 1178 2440 imago;
1194 2362 1220 2423 ει
1233 2377 1306 2438 ergo
1321 2361 1412 2421 borno
1427 2359 1498 2440 ideo
1514 2357 1775 2430 est'bonombilis,
1790 2357 1860 2431 quia

103 2451 195 2512 quam
207 2436 254 2496 ret
270 2444 394 2514 sputum
408 2437 604 2511 honorarent,
621 2437 675 2498 sed
692 2445 725 2498 ut
749 2439 957 2522 ostenderent,
1003 2444 1050 2500 est
1064 2445 1164 2524 imago
1179 2444 1222 2505 rei
1240 2442 1440 2512 honorabilis,
1455 2448 1538 2504 certe
1554 2441 1643 2502 eliam
1665 2444 1765 2516 imago
1780 2439 1861 2500 dieta

104 2515 158 2579 iile
173 2518 297 2595 quidem
313 2535 347 2579 se
363 2534 433 2581 esse
449 2519 627 2597 proplietam
653 2519 720 2594 hei,
736 2521 794 2582 iste
809 2527 909 2582 antem
924 2538 960 2585 so
1004 2527 1053 2582 est
1064 2526 1266 2600 honorabilis,
1284 2524 1352 2602 quia
1367 2526 1467 2598 imago
1483 2530 1530 2584 εει
1541 2525 1583 2586 εει
1598 2522 1799 2584 honorabitis.

102 2609 210 2660 rerann
225 2599 278 2662 hei
293 2601 415 2663 Filium.
430 2601 578 2662 Similiter
593 2602 733 2665 homines
749 2603 818 2665 mati
843 2619 903 2665 non
918 2604 959 2665 te·
1047 2607 1248 2687 Respondent
1258 2608 1408 2670 secondo:
1421 2606 1581 2668 Hominem
1595 2621 1655 2667 non
1668 2603 1786 2666 adorari
1802 2604 1864 2664 sat-

2 2719 3 2748 2
103 2683 707 2784 eiuntmiracula,utseacritamsgram
731 2688 957 2761 commendent,
1005 2689 1303 2769 temreiiginse,sed
1319 2693 1419 2752 sotum
1445 2691 1585 2751 uiriliter.
1603 2691 1638 2772 dt
1666 2688 1738 2749 licet
1758 2687 1862 2759 trumo,

104 2764 161 2825 sed
176 2761 280 2827 tidem.
297 2766 396 2842 Quare
411 2779 472 2828 nou
484 2767 556 2844 ipsi,
572 2767 628 2829 sed
643 2767 733 2844 tides,
760 2785 851 2848 quam
875 2785 960 2848 prae·
1005 2783 1037 2837 ut
1051 2789 1115 2848 rex,
1133 2774 1179 2836 vet
1196 2773 1361 2850 imperator
1373 2773 1539 2834 bonoratur
1555 2771 1797 2844 civiliter,tamen
1813 2769 1866 2828 hn-

2 2891 3 2894 ,
105 2847 220 2920 dicant,
238 2849 410 2910 'veneranda
430 2856 489 2910 εει.
1003 2863 1101 2932 mc‚ut
1115 2857 1216 2935 imago
1229 2856 1282 2917 ilci
1297 2855 1464 2918 honoratur
1478 2855 1861 2933 religiose30ausse·autom

147 2927 290 2992 biiracuia
306 2937 406 2992 autem
421 2947 477 3011 per
503 2932 655 3012 imagines
681 2931 770 3010 iacta,
798 2932 868 2995 ideo
883 2935 959 2996 iacta
1005 2957 1059 3001 cur
1075 2939 1239 3000 honoretur
1254 2954 1340 2999 sacra
1363 2955 1425 3011 res,
1452 2943 1510 3006 est,
1537 2937 1796 3014 quemadmodum
1811 2933 1863 3011 qui

104 3016 188 3086 sunt,
205 3018 237 3073 ut
251 3014 415 3090 probarent
429 3031 464 3076 ac
478 3016 634 3077 sancirent
648 3015 813 3094 imaginum
833 3017 959 3079 cottum.
1003 3024 1132 3084 honorat
1147 3023 1322 3090 bominem,
1333 3021 1403 3098 quie
1420 3027 1556 3086 sanctus.
1574 3021 1619 3082 vet
1636 3017 1864 3098 prophetaret

2 3151 3 3164 ,
104 3091 179 3154 Nam
194 3109 259 3167 cur,
276 3111 403 3174 quaeso,
420 3095 500 3176 ignis
515 3097 660 3160 coelestis
675 3097 840 3176 discerpsit
868 3106 960 3162 statu·
1003 3104 1161 3174 sacerdos,
1180 3105 1228 3165 ret
1244 3103 1411 3180 episcopus
1426 3108 1483 3166 est.
1499 3108 1584 3163 certe
1598 3101 1743 3179 religiose
1766 3099 1863 3160 bono·

108 3191 158 3236 am
172 3174 294 3247 iuliani,
311 3177 370 3239 uisi
386 3185 419 3240 ut
440 3178 609 3242 vindicaret
624 3179 765 3258 iniuriam
782 3182 959 3243 taetamsta·
1003 3190 1060 3256 rat,
1077 3203 1137 3247 non
1153 3184 1292 3259 civiliter,
1309 3192 1446 3263 utsupra
1463 3185 1641 3246 diximus*
1755 3212 1756 3220 ι
1802 3197 1805 3208 ·

107 3264 178 3320 ιεεε
194 3256 322 3322 Christi?
336 3259 374 3322 Et
387 3276 441 3322 cur
456 3261 493 3323 ab
509 3262 641 3341 imagine
657 3280 672 3323 a
686 3262 813 3326 iudaeis
841 3264 960 3325 contos·
1045 3269 1261 3346 Argumentum
1278 3264 1394 3330 serlum
1410 3266 1515 3328 iterna
1531 3265 1636 3329 simili.
1662 3264 1763 3343 imago
1778 3265 1861 3343 regis

98 3357 151 3413 sa,
167 3342 293 3420 sanguis
308 3342 432 3422 prodiit,
448 3343 500 3421 qui
514 3344 653 3407 infirmus
668 3347 816 3423 plurimos
832 3348 958 3422 curarit,
1005 3357 1053 3412 est
1068 3351 1251 3414 venerabilis
1266 3350 1346 3412 cirili
1362 3349 1493 3428 quodam
1509 3351 1638 3416 bonore.
1656 3363 1731 3425 ergo
1758 3345 1865 3424 imagi«

105 3429 139 3484 ul
153 3430 201 3485 est
215 3423 294 3502 apud
311 3425 509 3488 Athanasium
525 3427 603 3490 libro
618 3427 657 3490 de
682 3430 827 3507 passione
855 3429 960 3506 imagi·
1005 3451 1061 3496 nes
1077 3432 1189 3495 Christi
1205 3441 1235 3496 et
1261 3439 1432 3496 sauctorum
1460 3438 1532 3494 sunl
1555 3430 1756 3493 honorabiles
1776 3430 1862 3491 cuitu

104 3507 153 3566 uis
184 3506 317 3581 homini,
354 3507 532 3588 Gregorium
557 3509 767 3572 Turonensem
793 3511 831 3572 de
864 3512 959 3590 gioria
1005 3514 1864 3596 religiosobteoaurmarlpotestnocargnmomnmex

101 3595 316 3668 martyrumma
340 3603 351 3651 ·.
367 3589 566 3672 ttettnagtn.
583 3593 615 3654 iu
631 3594 778 3655 chronico
794 3593 869 3655 anui
884 3591 956 3657 sut.
1006 3598 1117 3676 insigni
1134 3598 1239 3660 iraude
1252 3597 1361 3661 iuliani
1379 3604 1546 3675 apostatae,
1573 3611 1662 3678 quam
1686 3594 1866 3656 describunt

101 3669 161 3732 nisi
177 3677 211 3733 ut
225 3677 312 3733 osten
355 3677 401 3734 rel
414 3689 449 3736 se
464 3675 615 3738 honorare
630 3675 660 3737 id
676 3676 874 3757 qundiudaei
886 3691 958 3738 con·
1006 3679 1169 3760 Gregorius
1181 3683 1385 3742 nazianzenus
1397 3679 1534 3740 aratione
1551 3679 1580 3740 ι.
1596 3678 1627 3740 in
1642 3675 1864 3750 intransmea-

102 3754 227 3815 tumeiia
243 3753 433 3816 afficiebant?
579 3789 582 3798 ·
1005 3763 1074 3824 ulos
1089 3761 1238 3825 diaeonus
1252 3763 1283 3824 in
1300 3763 1357 3823 ritu
1371 3761 1497 3830 tertiani.
1521 3768 1552 3822 et
1566 3761 1630 3838 alii3
1646 3765 1710 3822 erat
1731 3759 1763 3820 iu
1779 3771 1864 3821 mare

143 3836 301 3899 Praeterea
323 3836 485 3910 beneflcio,
515 3853 594 3918 quae
618 3855 675 3918 per
699 3839 850 3920 imagines
865 3839 957 3905 alieo
1004 3847 1148 3922 positum,
1174 3853 1206 3907 ot
1225 3845 1375 3924 imagines
1390 3845 1606 3923 imperatorum
1622 3843 1659 3904 ab
1674 3841 1819 3904 omnibus
1834 3859 1865 3902 o-

102 3919 314 3992 nonieruntur,
344 3919 476 3982 curittis
503 3921 648 3983 duntaxat
672 3923 881 3998 conteruntur,
905 3926 958 4002 qut
1004 3931 1194 4002 dorareotur,
1227 3929 1257 3990 id
1284 3928 1367 4006 quod
1393 3925 1483 3988 etiam
1507 3924 1670 3988 Christiani
1697 3924 1861 3997 iaciebant,

102 4000 253 4081 imagines
269 4001 430 4070 honorant.
447 4003 543 4081 etqui
558 4005 733 4067 existimant
747 4006 810 4067 beo
835 4007 958 4085 placere
1004 4009 1117 4090 quippe
1133 4011 1185 4089 qui
1201 4010 1340 4073 sciebant
1354 4010 1454 4071 sutum
1470 4008 1589 4070 civitem
1606 4009 1814 4070 adorationem
1826 4007 1868 4068 it-

100 4084 217 4146 cultum
232 4085 416 4162 imaginum?
430 4084 502 4151 Nam
514 4087 589 4148 iliud
605 4087 784 4151 miraculum
798 4089 907 4152 lactum
920 4089 958 4151 E·
1004 4093 1063 4153 ium
1079 4093 1186 4167 tuisse,
1213 4095 1333 4172 quatem
1356 4095 1446 4153 etiam
1463 4091 1521 4170 ipsi
1544 4089 1719 4169 imperatori
1746 4090 1819 4151 licet
1833 4107 1866 4152 e·

100 4165 213 4228 desaaa
227 4167 457 4247 perimagtnem
470 4168 629 4240 Cbrlstinl
643 4171 734 4233 reteri
744 4170 890 4250 boagrius
900 4173 956 4235 tib.
1003 4176 1106 4236 tbnico
1121 4176 1316 4239 delerebanl,
1328 4175 1469 4236 tellanas
1484 4175 1577 4252 igitur
1592 4181 1624 4234 ut
1635 4177 1761 4251 cogeret
1776 4171 1862 4234 dari·

100 4247 133 4310 i.
149 4265 217 4328 cap.
233 4249 285 4315 26.
299 4250 412 4313 ιεειεει
428 4257 475 4312 εει
489 4253 519 4312 in
536 4253 632 4315 salute
659 4267 779 4326 eorum,
805 4254 856 4333 qui
874 4253 958 4316 Chri·
1002 4257 1119 4320 stianos
1133 4260 1241 4321 saitem
1258 4275 1312 4336 per
1327 4273 1460 4320 errorem
1486 4257 1612 4318 adorare
1625 4253 1718 4329 idota,
1731 4254 1863 4333 iubebat

100 4329 142 4404 sti
153 4330 318 4410 imaginem
333 4334 567 4396 venerabantur.
586 4335 698 4398 Scribit
712 4337 803 4398 etiarn
826 4337 958 4400 Zonaras
1002 4355 1088 4402 suurn
1104 4341 1268 4421 imaginem
1283 4341 1322 4404 ita
1349 4339 1486 4418 depingi,
1509 4345 1543 4401 ut
1567 4338 1658 4400 simut
1685 4339 1864 4415 pingeretur

98 4411 133 4474 in
148 4414 207 4476 rita
220 4415 378 4477 blichiielis
391 4415 490 4490 Balbi,
506 4433 575 4480 curu
590 4419 651 4480 beu
676 4418 838 4482 Armenius
851 4419 957 4500 imagi·
1001 4423 1141 4500 iuppiter
1155 4426 1194 4486 de
1209 4425 1298 4487 coeio
1323 4437 1468 4486 coronam
1483 4431 1514 4483 et
1538 4437 1702 4501 purpuram
1729 4421 1862 4498 impera·

100 4510 159 4558 nes
175 4497 523 4576 persequeretur,litium
539 4499 607 4578 eius
621 4500 797 4564 Sabbatium
813 4499 959 4566 constan·
1003 4511 1048 4567 tor
1060 4506 1220 4576 deterens:
1235 4508 1436 4586 pingerentur
1450 4505 1540 4565 etiam
1557 4503 1726 4566 Mercurius
1737 4509 1768 4563 ει
1782 4497 1861 4564 ltars

102 4579 199 4641 tinum
216 4580 266 4657 qui
294 4587 396 4642 mutus
425 4588 499 4656 crat,
526 4585 696 4646 accessisse
722 4587 759 4646 ad
786 4590 914 4648 statuam
929 4601 958 4650 ε.
1003 4591 1033 4650 ιε
1050 4589 1263 4666 imperatorem
1289 4589 1503 4666 respicientes,
1520 4592 1604 4648 uteo
1630 4586 1720 4648 modo
1746 4585 1862 4647 indica·

101 4659 240 4740 Gregorii
257 4663 444 4734 nazianzeni,
461 4671 491 4728 el
505 4672 644 4731 sanetum
662 4667 761 4746 ipsum
774 4675 876 4730 mente
887 4685 955 4747 pre·
1005 4676 1063 4742 ret,
1077 4687 1111 4732 se
1127 4672 1295 4750 sapientem
1312 4679 1342 4732 et
1353 4669 1460 4732 idriam
1476 4685 1559 4731 esse.
1576 4669 1682 4747 itaqua
1700 4667 1804 4744 seipso
1817 4667 1863 4728 in·

101 4749 213 4817 catum,
230 4745 376 4823 loquendi
394 4763 483 4810 usum
498 4747 599 4811 diuino
618 4749 762 4812 miraculo
787 4751 958 4829 recepisse.
1004 4761 1048 4816 ter
1063 4755 1142 4817 Deos
1167 4751 1321 4834 depictum
1344 4751 1547 4832 proponebat,
1574 4757 1613 4813 m·
1634 4749 1796 4814 Christiani
1823 4751 1863 4814 de

100 4827 135 4885 aa
150 4826 176 4888 si
189 4828 288 4890 cultos
304 4827 470 4906 imaginum
486 4837 569 4892 esset
585 4831 768 4902 idololatria,
793 4831 876 4896 Deus
892 4850 956 4896 cer·
1005 4853 1089 4898 more
1103 4845 1284 4899 venerantes
1299 4835 1463 4914 imaginem
1478 4834 1683 4911 imperatoris,
1706 4831 1798 4894 simol
1813 4830 1863 4895 ιε’·

102 4916 131 4969 ιε
144 4915 206 4970 tom
221 4913 349 4974 maxime
377 4910 565 4976 idololatriae
593 4914 694 4976 invare
724 4915 806 4976 risus
835 4913 955 4980 luisset.
1004 4926 1184 4982 uererentur
1198 4917 1504 4999 imaginesiaisorum
1520 4917 1664 4978 hemum·
1692 4913 1794 4978 Mouet
1810 4933 1862 4976 au-

102 4991 215 5052 Soribit
229 4991 339 5054 Paulus
354 4991 501 5056 diaconos
516 4995 570 5058 lib.
584 4995 741 5058 hiberum
754 5013 956 5075 romanarum,
1005 5008 1064 5062 tem
1077 5001 1282 5065 Nazianzenus
1303 5002 1400 5069 luisse
1425 5000 1514 5062 venia
1538 4998 1568 5062 di
1593 5013 1649 5059 nos
1673 4995 1863 5060 (ibrisliauos

102 5091 174 5135 cum
189 5073 412 5144 toonomachus
427 5078 549 5156 quidam
565 5086 729 5158 conspecta
745 5085 842 5141 statua
856 5079 955 5144 bvir·
1004 5083 1219 5163 simpliciores,
1237 5085 1289 5163 qui
1310 5099 1372 5146 non
1389 5015 1715 5152 advertebanidotom,
1732 5093 1791 5142 neu
1806 5097 1862 5159 pu·

2 5225 3 5234 ¹
103 5155 194 5235 ginis,
213 5155 329 5236 lapides
343 5158 373 5218 in
389 5173 456 5219 eam
468 5159 606 5239 jecisset,
623 5177 751 5242 eamque
763 5163 958 5233 comminuis·
1004 5165 1107 5229 tabant
1122 5184 1156 5229 se
1168 5169 1294 5230 adorare
1311 5163 1407 5239 atiud,
1420 5179 1511 5242 quam
1524 5163 1608 5244 regis
1621 5163 1799 5242 imaginem.

2 5241 3 5322 J
102 5246 172 5310 set,
208 5255 263 5317 per
277 5241 410 5316 quietam
425 5242 573 5321 virginem
597 5245 696 5323 ipsam
724 5245 762 5306 ab
788 5253 825 5308 ec
849 5246 955 5322 risam,
1042 5247 1690 5328 Respondentcenturiatorestnconotato,
1714 5259 1862 5308 nonesse

2 5393 4 5406 .
101 5322 278 5384 terribiliter
292 5322 341 5383 tris
356 5323 455 5385 tarbis
469 5328 716 5394 comminantem:
734 5329 773 5391 in
797 5334 894 5406 capot
908 5335 956 5392 tto·
1002 5331 1080 5395 haec
1094 5333 1292 5413 similia,quia
1304 5335 1404 5411 imago
1419 5327 1502 5408 regis
1517 5331 1659 5390 adorator
1671 5331 1793 5406 propter
1804 5328 1856 5388 ab·

2 5451 3 5482 3
99 5420 160 5466 eran
173 5405 233 5468 boc
245 5403 478 5484 lechiibeinde
493 5408 585 5472 Paulo
599 5416 668 5489 post
683 5410 815 5474 eundem
838 5411 954 5490 ingenti
1001 5416 1131 5478 seutiam
1144 5416 1237 5496 rogis,
1249 5415 1301 5494 qui
1315 5432 1376 5478 uon
1388 5417 1571 5493 potestesse
1583 5411 1675 5474 simui
1697 5411 1813 5488 ubique
1826 5412 1858 5472 in

2 5486 5 5507 ι
101 5486 205 5564 lapide
219 5503 412 5568 percussum,
425 5497 515 5564 atque
530 5489 742 5556 incontritus]
755 5499 874 5570 esseut
886 5493 954 5574 ipse
999 5503 1061 5559 toto
1076 5514 1182 5578 regno:
1202 5500 1283 5560 heus
1298 5505 1399 5560 autem
1414 5495 1528 5573 ubique
1544 5500 1591 5556 εει
1606 5508 1765 5570 praesens.
1778 5493 1813 5554 dt
1824 5493 1856 5554 in

105 5571 233 5632 statuam
249 5569 481 5634 comminuerat.
999 5583 1106 5657 primis
1121 5595 1182 5643 uon
1198 5581 1385 5661 quaerimus,
1401 5595 1456 5640 cur
1481 5577 1623 5648 adoretur
1639 5579 1738 5656 imago
1760 5577 1852 5655 regis,

2 5718 5 5742 ‚
140 5653 512 5733 argumentumqointum
528 5655 597 5720 duci
615 5663 715 5736 potest
729 5675 745 5720 a
760 5657 864 5732 simili,
890 5658 947 5720 hoc
998 5664 1054 5725 sed
1070 5679 1107 5726 ez
1122 5679 1171 5736 eo,
1188 5663 1268 5743 quod
1291 5664 1444 5733 adoratur,
1472 5661 1658 5740 colligimus,
1686 5667 1769 5722 recte
1784 5659 1857 5720 ado-

1 5745 7 5826 g
101 5735 206 5812 modo:
221 5739 314 5802 homo
329 5736 441 5816 dignus
455 5747 503 5802 est
529 5741 735 5818 veneratione,
761 5741 953 5835 quiayimago
998 5748 1058 5818 rari
1072 5747 1237 5828 imaginem
1260 5745 1382 5818 Christi.
1400 5742 1719 5820 Praetereocbristns,
1749 5749 1782 5812 ut
1804 5743 1868 5803 ba··
