4110 6310
293 355 348 416 ill
864 355 908 412 ilii
925 355 1115 416 lllrttltltllttls
1133 353 1330 414 stheltiltoll

219 505 305 555 reses
326 507 396 556 com
412 491 514 566 idolis,
531 492 600 571 onia
617 497 649 556 ut
663 491 779 556 idolum
794 497 841 554 est
855 491 929 554 laisa
944 489 1045 572 imago
1061 537 1072 568 ‚
1157 489 1334 568 alphonsus
1346 487 1385 551 de
1396 485 1512 562 castro,
1525 490 1631 564 rerlro,
1647 489 1763 570 Imago.
1776 487 1883 554 tribuit
1896 489 1984 554 hone

218 573 256 634 lta
274 575 411 638 haeresis
423 583 470 639 est
490 576 563 638 laisa
581 575 767 654 imaginatio.
1117 586 1252 635 errorem
1265 572 1386 634 cuidam
1412 570 1627 650 Felicionem
1651 574 1726 636 dicit
1753 573 1930 636 damnatum
1951 575 1982 636 in

254 657 377 734 Quinto,
395 674 432 720 en
447 661 514 738 ipsu
529 659 613 720 nocis
628 658 826 738 proprietate
841 673 913 719 nam
941 661 975 720 ut
1000 655 1073 720 'ler-
1116 653 1458 726 coneiliolraneoniae,
1482 660 1561 716 teste
1590 657 1705 718 Platina
1734 657 1765 717 io
1791 656 1924 719 Adriano
1942 656 1981 723 1.

215 740 359 802 tullianus
373 740 464 804 ducet
479 742 556 803 lilrro
573 740 612 802 de
628 740 811 820 idololatria)
833 739 948 802 idolum
965 745 1012 801 est
1027 739 1073 802 di·
1117 751 1176 798 neo
1189 744 1288 799 tamen
1311 741 1412 816 potest
1425 737 1576 812 invenire,
1604 739 1674 818 quis
1701 739 1759 800 iste
1775 739 1861 802 Felix
1876 738 1981 802 inerit.

217 822 397 886 minutirum
411 823 449 885 ab
464 813 557 896 εἶδος,
573 824 664 897 idest,
681 823 787 895 lorma,
804 829 834 885 et
847 821 999 901 significat
1014 823 1073 884 ior·
1117 818 1233 880 Tribnit
1248 820 1320 882 item
1337 817 1453 880 Sereno
1469 819 1616 900 episeopo
1631 821 1807 890 llussiiiae.
1838 839 1930 899 ouem
1947 823 1980 884 b.

213 917 290 966 mom
305 917 438 984 perram,
456 924 516 968 nun
533 907 698 986 quantitate
711 907 788 976 sola,
801 905 856 968 sod
871 905 1071 981 perfectione.
1118 900 1283 978 Gregorius
1298 901 1497 980 reprehendit
1508 902 1563 966 lib.
1581 903 1610 965 l.
1627 904 1719 981 epist.
1739 903 1809 966 loe.
1833 905 1929 966 etlib.
1949 906 1982 965 e.

214 985 266 1046 Est
281 988 363 1050 enim
377 989 499 1067 proprie
514 989 630 1050 idolum
646 988 692 1068 (ιι
708 991 832 1066 exponit
854 985 1028 1049 Eostnthius
1040 988 1072 1048 in
1116 983 1385 1062 opist.9.Denique
1397 983 1528 1048 eundem
1540 1001 1675 1048 errorem
1687 985 1984 1066 trilruitdlphonsus

211 1067 267 1130 lib.
286 1071 336 1132 ll.
350 1070 513 1151 Odisseae)
530 1072 629 1150 imago
645 1072 755 1142 inanis
774 1071 873 1148 qualis
888 1075 935 1130 est
953 1113 961 1136 .
990 1087 1069 1147 quae
1116 1065 1149 1128 h.
1168 1065 1338 1144 Epiphanio
1360 1067 1391 1127 in
1407 1065 1498 1144 epist.
1516 1069 1551 1128 ad
1573 1068 1661 1130 ioan.
1678 1067 1898 1150 Hierosolymil

211 1152 347 1214 cernitur
361 1152 393 1214 ιι
409 1155 514 1216 umbra
531 1153 675 1226 hominio,
686 1159 716 1216 et
726 1155 825 1232 qualia
841 1157 913 1214 sont
928 1151 1071 1230 phantas·
1158 1149 1218 1210 Sed
1236 1149 1339 1236 trullus
1354 1148 1473 1222 horum,
1492 1166 1567 1226 paoe
1582 1151 1743 1229 hiphonsi,
1759 1151 1791 1212 in
1807 1152 1864 1214 isto
1890 1168 1979 1216 erro·

214 1240 301 1308 muta,
320 1236 410 1311 idest,
428 1237 578 1317 imagines
600 1254 676 1313 onas
699 1233 916 1314 imaginatione
942 1234 1072 1297 lubrica·
1116 1245 1149 1292 re
1164 1239 1302 1294 uersatus
1317 1232 1540 1308 est3nomielix
1555 1233 1716 1296 damnatus
1728 1233 1757 1295 in
1770 1235 1889 1314 synodo
1901 1236 1981 1296 iran-

212 1331 293 1390 mus,
311 1319 424 1397 quibus
438 1336 532 1399 saepe
554 1319 629 1382 nihil
645 1320 812 1398 respondet
823 1320 853 1378 in
867 1332 911 1391 τις
925 1323 955 1378 ιι
971 1316 1072 1395 qualia
1115 1311 1312 1386 mindiensi,
1330 1321 1376 1376 est
1388 1313 1474 1378 Felix
1484 1315 1651 1394 episeopus
1669 1315 1867 1395 urgelitanus.
1877 1316 1909 1379 is
1921 1335 1977 1378 an·

212 1398 348 1477 deniquo
363 1401 562 1481 suntspectr'a
578 1409 609 1464 et
623 1403 748 1465 umbrae
769 1407 969 1469 mortuorum,
987 1415 1066 1477 quoe
1114 1399 1175 1456 tem
1191 1395 1239 1472 (ut
1252 1412 1289 1458 ex
1303 1397 1407 1459 idone
1422 1397 1451 1458 in
1468 1398 1626 1470 chronico,
1644 1404 1675 1461 ot
1688 1398 1764 1460 iona
1779 1399 1867 1462 lib.i.
1882 1401 1979 1478 patet)

210 1483 351 1544 ridentur
362 1485 486 1561 quidem
501 1500 572 1548 esse
586 1484 701 1562 aliquid
714 1485 847 1547 solidum
864 1527 873 1560 ‚
891 1482 946 1544 sed
961 1481 1071 1544 inanes
1115 1478 1216 1540 solum
1230 1478 1501 1549 doeuit,Christum
1517 1495 1588 1544 esso
1602 1480 1702 1543 illium
1722 1479 1777 1544 liei
1789 1482 1979 1558 adoptivum,

209 1571 292 1626 sunt.
307 1565 392 1630 Unde
404 1568 556 1630 Homerus
570 1568 602 1629 in
620 1567 669 1630 il.
686 1565 846 1638 Odisseae,
863 1570 893 1627 et
914 1563 1068 1626 lucianus
1112 1560 1183 1638 qrriu
1200 1567 1300 1622 tamen
1312 1562 1418 1624 eadem
1433 1563 1570 1641 synodus
1585 1564 1758 1642 reprobavit
1772 1565 1882 1628 eodern
1901 1572 1977 1627 tem·

211 1646 242 1705 in
257 1648 382 1728 dialogo
404 1651 442 1712 de
459 1651 598 1720 mortuis,
615 1649 733 1712 animas
749 1656 936 1711 mortuorum
959 1652 1067 1708 nocant
1114 1659 1187 1718 pore
1203 1642 1250 1719 (ut
1274 1661 1311 1706 ex
1336 1645 1445 1706 eodem
1468 1645 1573 1708 idone
1598 1647 1629 1707 in
1647 1645 1798 1708 chronico
1813 1649 1884 1708 anni
1903 1647 1976 1709 tea.

209 1723 338 1807 ἑιδιιας
355 1739 385 1793 ιι
399 1733 544 1811 Virgilius
560 1733 590 1794 in
606 1732 636 1795 6.
653 1729 1001 1795 ιιιιιιιιιιοιιιιιιιι
1016 1729 1072 1790 idi·
1114 1729 1210 1804 potet)
1240 1726 1511 1806 pseudosynodum
1536 1727 1719 1792 Graecorum
1741 1735 1846 1792 contra
1870 1731 1979 1809 imagi-

211 1829 300 1889 psum
317 1814 470 1893 explicare
486 1816 631 1890 voluisse,
648 1831 718 1888 cum
733 1815 784 1876 uit:
1114 1822 1182 1878 nes,
1200 1815 1378 1886 putaverunt
1390 1815 1449 1870 tam
1465 1810 1684 1890 Plotina,quam
1700 1811 1887 1890 alphonsus.
1906 1816 1978 1874 hae·
2038 1819 2039 1850 ³

1113 1891 1205 1952 resim
1240 1891 1424 1954 Felioiunum
1463 1909 1533 1956 esse
1568 1894 1721 1957 haeresim
1755 1894 1976 1958 iconomacho·

249 1975 963 2050 t'orripiliricsubilolrepidussormidinelemnm
1117 1988 1199 2033 rum.
1497 2006 1500 2012 ι

244 2041 365 2118 Atilii,
378 2051 560 2122 arduumque
574 2052 664 2107 oolam
674 2049 848 2106 uenientibus
862 2047 953 2131 offert.-
1152 2055 1288 2118 Serenus
1301 2060 1402 2118 aulem
1418 2052 1566 2137 ooniregit
1582 2059 1708 2138 quidem
1734 2059 1899 2138 imagines.
1918 2062 1974 2122 sed

242 2112 534 2252 ffatirnlrjnzffitssucussr'u'ffi
545 2121 946 2264 {errfffflffffrrffroqrifroerfoqrffrtr‘ose·
1115 2137 1198 2198 nullo
1215 2139 1305 2234 modo
1317 2137 1528 2202 iconomachis
1545 2142 1708 2205 haereticis
1723 2146 1978 2204 annumerandus

628 2233 633 2245 ι
752 2252 756 2262 Ι
935 2233 943 2262 ,
1166 2239 1172 2254 ,
1360 2222 1365 2234 ·
1506 2226 1510 2235 ·
1599 2223 1605 2236 ·
1661 2226 1666 2236 ·

242 2259 348 2335 ιιι·
361 2265 589 2341 ιιιιιι
603 2263 892 2323 ιιιιιιιι
1024 2261 1027 2271 ·
1113 2222 1624 2374 tlhltjtlllt'll.‘illidit
1637 2224 1872 2386 titillet
1891 2226 1977 2370 tlt:

246 2388 302 2452 Uhi
318 2390 400 2468 quod
415 2393 566 2456 iiomerus
593 2397 624 2454 el
637 2390 789 2454 lucianus
812 2391 921 2450 rocam
941 2382 1045 2448 ἑιδιλα
1060 2416 1068 2447 2
1113 2383 1198 2450 ilnde
1213 2386 1322 2448 beatus
1330 2386 1493 2466 Gregorius
1505 2387 1609 2450 laudat
1622 2388 1723 2452 celum
1739 2390 1807 2469 eius
1822 2397 1854 2452 et
1869 2390 1976 2460 fidem.

207 2478 294 2535 vocat
312 2473 380 2552 ipse
397 2475 529 2548 umbras
547 2479 578 2536 et
593 2490 681 2538 caras
696 2474 857 2552 imagines,
871 2470 963 2542 idest,
979 2487 1073 2534 ranas
1114 2473 1145 2528 el
1165 2468 1264 2530 solnm
1281 2471 1481 2544 reprehendit
1493 2474 1704 2539 temeritatem.
1732 2474 1812 2550 quod
1828 2489 1925 2535 ausus
1936 2476 1977 2536 sit

207 2559 237 2614 et
252 2556 371 2616 inanes.
390 2557 540 2632 Quoniam
555 2571 629 2636 ergo
642 2555 758 2618 idolum
773 2557 895 2633 propria
913 2559 943 2616 et
957 2556 1068 2632 prima·
1114 2550 1144 2610 td
1161 2551 1274 2622 lacere,
1291 2553 1376 2628 ouod
1394 2553 1498 2615 nullus
1510 2571 1643 2634 unquam
1656 2556 1822 2633 episcopus
1836 2555 1973 2624 lecerat.

205 2637 248 2698 ria
264 2637 492 2717 significatione
515 2639 834 2720 designatimaginem
846 2638 979 2710 inanem,
997 2637 1069 2698 inde
1114 2639 1145 2693 et
1160 2641 1358 2708 rrroneteum,
1384 2642 1418 2696 ul
1439 2638 1585 2714 populum
1610 2635 1740 2700 instruat
1754 2654 1809 2700 our
1823 2639 1975 2718 imagines

204 2719 370 2799 scriptores
389 2723 468 2784 sacri
498 2730 530 2786 et
550 2721 751 2785 ecclesiastici
781 2721 923 2782 doctores
945 2735 1069 2781 rooaue·
1114 2716 1151 2776 oh
1164 2715 1302 2779 Ecclesia
1320 2724 1491 2790 teneantur,
1505 2724 1536 2782 et
1551 2720 1719 2796 praemissu
1733 2721 1936 2784 instructione
1952 2725 1974 2784 i-

206 2808 279 2863 runt
291 2803 370 2865 idola
386 2811 500 2866 statuas
516 2806 663 2869 falsorum
678 2805 808 2865 [leorum
826 2847 834 2874 ,
858 2801 931 2864 lieet
951 2801 1069 2864 solidae
1113 2800 1251 2878 magices
1266 2800 1295 2859 in
1313 2801 1435 2875 templis
1449 2803 1557 2878 reponi
1575 2801 1666 2864 sinat.
1686 2802 1749 2866 Neo
1764 2810 1830 2865 erat
1843 2821 1935 2882 opus,
1946 2814 1978 2866 ut

207 2885 269 2946 sint
282 2887 382 2964 quoad
400 2889 568 2960 materiem,
587 2889 656 2966 quia
675 2889 782 2948 inanes
804 2891 876 2948 sunl
894 2887 994 2962 quoad
1009 2884 1066 2946 lor·
1112 2879 1215 2943 (lustro
1229 2882 1356 2948 diceret.
1374 2883 1524 2946 Serenum
1557 2891 1589 2946 et
1606 2884 1815 2964 Epiphanium
1831 2890 1974 2950 excusari

207 2984 297 3043 mam,
311 2968 506 3051 idest,quoad
526 2969 851 3049 repraesentationem.
868 2967 950 3030 Haeo
961 2969 999 3028 de
1016 2983 1068 3029 no·
1112 2963 1151 3025 ab
1167 2965 1297 3036 haeresi,
1315 2966 1385 3043 quia
1401 2982 1450 3028 res
1463 2967 1601 3028 nondum
1617 2973 1680 3030 erat
1692 2969 1906 3032 determinata.
1924 2971 1977 3032 sa-

209 3049 292 3112 mine
304 3051 390 3114 idoli.
616 3077 618 3084 v
1110 3047 1147 3108 tis
1163 3048 1245 3107 enim
1261 3063 1310 3108 res
1324 3049 1524 3109 determinata
1540 3056 1605 3112 erat
1619 3067 1675 3112 usu
1692 3051 1783 3112 totius
1798 3052 1972 3114 licolesiae:

247 3133 364 3196 Numen
379 3134 536 3198 simulacri
548 3141 595 3198 est
607 3135 732 3214 quidem
754 3135 844 3214 panio
860 3131 1066 3208 communium
1109 3130 1164 3190 sed
1189 3131 1263 3190 nihil
1277 3128 1326 3190 isti
1341 3135 1445 3192 contra
1460 3131 1551 3192 lldem
1578 3139 1629 3192 aut
1654 3133 1809 3196 ueritatem
1839 3144 1971 3210 egerunt

207 3231 278 3276 nam
294 3215 468 3279 lactantius
483 3217 540 3279 lib.
556 3218 586 3281 6.
605 3219 643 3280 de
659 3234 729 3279 vero
744 3220 842 3288 cultu,
872 3233 939 3292 cap.
965 3211 1015 3276 ro.
1032 3221 1063 3275 et
1110 3212 1155 3272 rel
1173 3214 1353 3273 doouorunt.
1370 3211 1413 3274 ,ιι
1428 3215 1607 3289 praesertim
1619 3214 1823 3294 Epiphanius,
1837 3219 1889 3295 qui
1904 3235 1976 3296 pur-

208 3296 258 3358 13.
274 3304 361 3362 nouat
376 3300 532 3361 hominem
547 3300 600 3362 liei
616 3301 812 3364 simulacrum
826 3318 835 3375 3
852 3305 883 3362 ot
906 3298 962 3360 lib.
978 3297 1009 3358 2.
1026 3296 1066 3359 de
1109 3300 1197 3369 galur
1211 3295 1248 3354 ab
1264 3295 1346 3355 ornni
1362 3296 1539 3374 suspicione
1555 3299 1760 3360 errorisoiroa
1776 3299 1928 3379 imagines
1943 3301 1975 3362 in

206 3378 324 3458 origine
340 3382 465 3455 erroris,
492 3399 560 3460 cap.
577 3383 608 3444 2.
631 3383 726 3452 dicit.
743 3383 954 3458 simulacrum3
972 3379 1031 3440 diei
1048 3396 1064 3440 a
1110 3375 1175 3437 llil.
1192 3376 1318 3450 synodo,
1335 3384 1394 3439 ιιι.
1407 3377 1438 3439 6.
1452 3384 1527 3441 tom.
1552 3379 1583 3440 5.
1598 3385 1629 3442 et
1643 3396 1700 3443 nos
1718 3381 1794 3444 inira
1810 3382 1850 3444 de
1866 3383 1973 3446 haere

206 3461 419 3539 similitudine,
435 3470 467 3526 ιι
479 3466 608 3542 proinde
623 3481 745 3528 omnem
774 3481 875 3528 reram
902 3461 1067 3540 imaginem
1111 3475 1248 3537 agemus.
1266 3459 1301 3520 lit
1316 3465 1398 3522 uerte
1414 3476 1474 3522 non
1504 3461 1579 3524 sine·
1597 3464 1767 3525 temeritate
1797 3471 1828 3526 ot
1849 3467 1977 3545 praeju-

207 3559 302 3618 posse
317 3546 379 3610 diei
391 3547 604 3611 simulacrum.
625 3547 736 3612 Verius
751 3555 852 3610 larnen
869 3545 1021 3622 estquod
1037 3561 1068 3606 u·
1111 3542 1191 3602 dicio
1203 3542 1371 3604 catholicae
1382 3541 1455 3606 lidei
1466 3549 1527 3606 torn
1539 3547 1763 3608 crassierrores
1776 3551 1837 3610 tam
1850 3550 1973 3628 magnis

208 3627 239 3687 tii
255 3627 373 3701 dieunt,
391 3629 590 3693 simulacrum
606 3630 666 3693 dici
682 3649 698 3692 u
714 3631 903 3699 simulando.
919 3643 980 3688 non
996 3645 1011 3688 a
1027 3627 1068 3690 si·
1112 3625 1185 3687 viris
1199 3625 1386 3688 tribuuntur.

207 3709 392 3788 militudine3
405 3729 474 3774 nam
491 3715 523 3776 in
536 3713 702 3790 Scripturis
714 3713 875 3777 simulacra
887 3712 1002 3790 ubique
1016 3727 1067 3788 po·
1153 3707 1295 3771 liioolaus
1309 3707 1464 3770 Sanderus
1475 3707 1530 3772 lib.
1547 3708 1577 3772 l.
1593 3726 1662 3790 cap.
1688 3711 1744 3772 ult.
1773 3710 1813 3773 de
1828 3711 1973 3791 imagini-

208 3799 323 3855 nunlur
336 3811 391 3873 pro
407 3795 511 3857 idolis.
529 3796 661 3876 Semper
675 3795 757 3858 euim
772 3796 825 3858 ubi
839 3795 965 3858 Latinus
976 3794 1069 3855 inter·
1112 3788 1183 3863 bus,
1199 3791 1403 3868 diuit,primos
1418 3790 1640 3856 iconomachos
1652 3793 1749 3856 luisse
1760 3793 1970 3869 manichaeos,

207 3890 279 3952 pres
294 3875 397 3954 posuit
412 3877 589 3953 simulacra,
607 3880 750 3941 utictor.
778 3878 827 3940 lii.
844 3877 921 3956 psol.
947 3876 1016 3938 tta.
1034 3876 1064 3938 l.
1113 3879 1175 3934 tom
1189 3873 1258 3952 quia
1276 3874 1306 3937 id
1321 3874 1440 3935 ridetur
1455 3873 1591 3938 indicare
1610 3875 1776 3938 Tharnsius
1801 3877 1831 3938 in
1845 3877 1908 3939 vlt.
1926 3895 1977 3955 sy·

204 3956 294 4019 loon.
311 3959 366 4020 ult.
384 3966 414 4022 et
428 3960 513 4032 alibi,
534 3976 658 4036 semper
673 3962 704 4023 in
721 3977 813 4040 greco
828 3965 877 4024 est
897 3956 1022 4032 etenira
1039 3965 1070 4022 ιι
1113 3959 1206 4028 ιιιο,
1224 3962 1285 4018 ιιι
1301 3958 1392 4018 etiam
1408 3955 1477 4034 quia
1491 3957 1620 4020 lansius
1635 3959 1714 4035 apud
1730 3961 1894 4038 Angustia.
1919 3961 1976 4022 lrh.

207 4039 238 4100 lr.
255 4041 418 4120 augustin.
436 4043 468 4105 in
481 4044 560 4122 psal.
578 4043 647 4106 135.
673 4043 758 4106 dicit:
784 4043 908 4106 Latinos
923 4057 959 4104 ea
973 4041 1068 4104 simu·
1112 4037 1164 4100 20.
1182 4055 1210 4100 ι.
1223 4038 1254 4100 3.
1271 4043 1353 4100 ιοιι.
1376 4037 1519 4102 Faustum
1535 4085 1542 4106 .
1558 4041 1705 4118 gloriatur
1725 4059 1741 4101 u
1771 4057 1847 4104 suae
1868 4051 1975 4104 sectae

205 4123 288 4184 luera
303 4140 425 4198 roeare,
444 4141 523 4205 quae
539 4143 556 4188 a
571 4124 695 4190 Graecis
718 4127 864 4188 dicuntur
889 4124 981 4186 idola.
998 4123 1068 4186 lziie·
1111 4120 1290 4182 hominihus
1305 4119 1401 4183 ileum
1413 4121 1481 4184 sine
1496 4123 1671 4184 simulacris
1697 4124 1769 4186 ooli.
1786 4124 1846 4186 Sed
1862 4141 1902 4188 an
1919 4140 1971 4187 res

169 4279 170 4284 ἵ
207 4221 352 4285 ronymus
368 4223 493 4284 qnoque
505 4209 535 4270 ιι
551 4225 620 4288 cap.
639 4209 669 4271 i.
686 4209 785 4272 Oseoe
799 4207 882 4280 dicit,
897 4206 943 4272 sio
954 4205 1068 4284 opponi
1112 4202 1152 4266 ita
1168 4221 1202 4264 sa
1218 4204 1338 4275 habeat,
1354 4205 1554 4266 vehomenter
1576 4205 1694 4281 dubito;
1711 4222 1782 4268 nam
1804 4206 1971 4270 'tharasius

207 4287 407 4351 simulacrum
417 4289 493 4363 ileo,
508 4291 591 4353 sieut
605 4293 771 4370 opponitur
785 4289 978 4352 mendacium
994 4291 1070 4351 reri·
1113 4286 1144 4348 in
1160 4284 1225 4347 vll.
1238 4287 1355 4365 synodo
1377 4291 1436 4351 aci.
1465 4285 1496 4348 5.
1524 4303 1584 4348 ιιι
1604 4289 1679 4350 dicit
1704 4289 1899 4352 idaoichauos
1926 4307 1972 4352 ro·

208 4371 272 4444 tati;
288 4372 357 4449 qnia
371 4374 568 4434 simulacrum
593 4373 689 4438 ileum
705 4374 817 4436 laisum
833 4371 936 4435 reiert.
1035 4429 1039 4434 ,
1113 4368 1238 4446 spuisse
1254 4371 1414 4446 imagines,
1431 4370 1486 4432 sid
1500 4369 1584 4443 dieii,
1608 4371 1831 4435 10⁰¹l⁰lss³⁰il0⁸
1860 4373 1935 4434 0001
1951 4376 1974 4433 ἱ·

245 4453 394 4533 lienique,
412 4455 657 4519 sioutllomerus
669 4463 700 4520 et
716 4457 870 4519 Lucienus
885 4457 994 4516 vocant
1005 4453 1070 4516 ido·
1112 4451 1253 4528 maginus
1268 4459 1427 4528 respuunt,
1455 4452 1575 4514 similes
1589 4469 1661 4516 esso
1675 4453 1863 4517 liuniclraeis
1880 4501 1888 4527 ,
1921 4458 1973 4534 ιιι

206 4535 233 4596 ιι
246 4536 371 4599 umbras
384 4543 583 4612 mortuorum,
599 4555 678 4618 quae
697 4539 838 4602 ridentur
852 4537 948 4601 solida
962 4552 1070 4613 corpo·
1112 4534 1303 4607 asserebant,
1321 4531 1474 4596 Christum
1486 4550 1547 4596 non
1561 4536 1708 4598 habuisse
1724 4553 1829 4600 rerum
1843 4555 1971 4617 eorpus3

206 4635 239 4680 ra
254 4620 416 4698 quaedam,
433 4627 464 4682 et
478 4637 541 4684 non
559 4629 644 4699 suut3
661 4622 701 4684 ita
729 4621 821 4684 etiam
836 4619 996 4684 Lucretius
1012 4619 1069 4682 lib.
1113 4615 1165 4693 ool
1178 4618 1260 4678 enim
1272 4623 1364 4695 negat
1377 4615 1529 4681 Christum
1545 4635 1638 4697 posse
1651 4619 1789 4698 depingi,
1805 4619 1927 4682 ridetur
1942 4637 1974 4682 e·

206 4701 240 4763 l.
264 4701 447 4782 etilirgiiins
463 4702 518 4764 lib.
534 4703 564 4764 l.
582 4702 822 4784 Georgicorum,
850 4707 880 4764 et
894 4702 950 4765 lib.
964 4701 996 4764 6.
1012 4701 1069 4764 ho·
1112 4700 1268 4762 xistimare
1285 4745 1293 4768 .
1323 4699 1475 4762 Christum
1501 4716 1562 4762 non
1579 4703 1695 4765 hahere
1711 4717 1815 4766 rerum
1843 4718 1972 4780 corpus.

206 4783 327 4860 neidos,
345 4786 470 4850 easdem
486 4791 673 4850 mortuorum
692 4785 945 4866 umbraspassim
965 4785 1068 4864 appel·
1113 4781 1205 4844 Porro
1220 4781 1350 4846 Faustus
1364 4784 1444 4861 apud
1457 4785 1664 4862 Angustiuum
1689 4800 1750 4846 non
1780 4786 1917 4864 loquitur
1931 4787 1973 4848 de

208 4865 458 4932 lautsimulaora.
913 4883 916 4891 ’
1026 4905 1029 4912 ,
1112 4864 1300 4942 imaginihus
1321 4873 1505 4940 sanctorum,
1523 4867 1578 4928 sed
1602 4869 1703 4928 sotum
1726 4869 1765 4929 de
1787 4869 1977 4947 imaginihus

349 4982 352 4990 -
1114 4945 1180 5008 ilci.
1198 4947 1282 5012 linde
1298 4948 1499 5010 nae‘Faustns
1514 4965 1551 5010 eo
1567 4950 1634 5011 loeo
1657 4951 1857 5027 reprehendit
1870 4953 1977 5014 catho-

544 5033 661 5099 ciPUT
676 5033 728 5100 vi.
1113 5028 1204 5102 lioos,
1220 5031 1301 5108 quod
1314 5031 1462 5094 habereut
1475 5030 1637 5110 imagines.
1650 5048 1708 5094 neo
1722 5032 1909 5110 Augustinus
1924 5050 1975 5096 re-

1115 5113 1279 5188 prehendit
1293 5113 1498 5186 llaniohaeos,
1516 5114 1597 5192 quod
1611 5114 1796 5193 imaginibus
1818 5123 1974 5178 carerent.

345 5199 389 5262 ile
401 5199 607 5280 principibus
618 5195 918 5262 iconomachorum.
1110 5193 1191 5272 Ergo
1208 5196 1297 5272 primi
1320 5195 1516 5280 iconomachi
1537 5202 1609 5258 sunt
1632 5195 1764 5269 ludaei,
1785 5198 1838 5274 oni
1860 5198 1891 5258 in
1913 5215 1974 5262 sno

218 5315 221 5324 .
1110 5275 1262 5344 'ihalmud
1285 5277 1367 5356 quod
1390 5277 1502 5358 prodiit
1520 5292 1601 5341 anno
1623 5277 1735 5342 Christi
1756 5279 1829 5343 lto.
1855 5281 1970 5343 ord.2.

241 5365 388 5426 ductores
409 5364 641 5428 iconomachiaa
661 5363 786 5427 inerunt
811 5377 920 5426 omnes
941 5366 993 5424 aut
1008 5358 1059 5420 iu·
1110 5363 1198 5422 tract.
1214 5360 1243 5422 l.
1260 5360 1331 5424 dist.
1348 5359 1379 5422 2.
1396 5361 1510 5424 diserta
1524 5361 1647 5437 docent,
1666 5361 1907 5426 Christianorum
1921 5379 1974 5426 eu-

205 5441 284 5513 daei,
300 5450 353 5504 aut
372 5445 589 5524 liahumetani‚
615 5452 667 5510 ant
691 5445 789 5522 llagi,
817 5450 869 5510 aut
899 5442 1060 5506 monitoste
1111 5441 1224 5506 ctesias
1240 5457 1311 5505 esse
1327 5444 1434 5506 domos
1450 5442 1743 5523 idololatriaeouod
1758 5450 1884 5525 propter
1898 5446 1974 5508 ima-

204 5523 371 5600 Haeretioi‚
385 5527 423 5587 ita
439 5536 471 5590 ul
492 5547 605 5610 negare
620 5547 682 5594 non
698 5529 819 5610 possint
833 5527 885 5608 qui
901 5529 961 5591 lroo
987 5531 1064 5588 tem·
1110 5522 1200 5602 gipes
1216 5524 1332 5588 dictum
1348 5541 1419 5588 esse
1435 5532 1516 5603 patet
1541 5531 1604 5588 tom
1618 5543 1657 5590 ex
1681 5526 1747 5590 llll.
1770 5528 1900 5608 syuodo,
1918 5530 1973 5592 uiri

205 5621 279 5685 pore
293 5617 471 5688 oppugnant
489 5613 650 5694 imagines,
679 5629 752 5678 atos
776 5620 807 5676 et
835 5612 968 5692 majores
988 5623 1061 5672 snus
1111 5607 1289 5688 trequeutur
1305 5609 1499 5673 iconomachi
1527 5610 1671 5673 dicuutur
1690 5609 1835 5674 Hebraei:
1850 5615 1914 5672 tum
1932 5629 1972 5674 ea

205 5691 302 5756 luisse
316 5691 438 5773 impios.
1109 5688 1238 5770 dialogis
1254 5689 1385 5767 Leontii,
1403 5692 1455 5754 uhi
1472 5694 1633 5756 altercatur
1647 5692 1783 5758 iudaeus
1797 5709 1869 5757 onor
1884 5692 1973 5758 Chri·
