4110 6310
828 345 924 404 llultlt
945 343 1065 406 tttttltts
1720 351 1774 408 titt

129 479 162 542 S.
184 478 348 542 dnselmus
370 477 400 540 in
417 479 472 542 lib.
488 479 526 543 de
553 479 732 544 excellentie
761 479 792 539 b.
809 479 943 558 Virginis
986 481 1040 544 22.
1056 480 1107 544 23.
1133 477 1186 544 il.
1202 480 1253 545 23.
1279 487 1323 546 et.
1341 477 1393 545 tt.
1419 483 1657 552 Bonarenluram
1680 483 1710 546 iu
1737 485 1793 546 tite
1814 501 1844 550 s.

88 561 202 624 llarire
217 579 286 640 cap.
316 561 414 624 ultirn.
428 563 603 644 llcgomua,
633 562 743 640 inquil,
760 566 789 622 te
804 561 945 626 Domino
986 562 1155 625 Francisei.
1279 614 1281 620 .

1 645 2 652 ’
82 661 145 722 per
158 645 266 723 ipsum
287 646 442 723 prolium.
470 663 539 725 quo
553 653 581 709 tc
594 646 669 724 pius
686 650 715 705 et
741 643 943 723 omnipotens
1029 645 1071 708 Ex
1088 645 1136 706 bis
1150 644 1253 725 colligi
1269 652 1381 724 potest,
1398 663 1489 727 qnam
1505 647 1567 710 sint
1580 647 1665 711 leves
1677 647 1846 712 haeretico

1 799 2 806 ἵ
83 727 229 790 11333313
244 728 411 790 excitauit.
424 734 453 790 et
464 729 577 792 omnic
591 727 944 805 tibiaccmpcssibilio
985 744 1054 790 runr
1070 729 1303 806 responsiones,
1321 729 1563 808 quasadbibeut
1577 731 1615 792 ad
1631 731 1697 793 1333
1723 730 1847 796 latrum

84 824 153 872 esse
168 808 313 884 donauit,
330 811 538 890 quoteoruid
549 813 641 888 apud
654 812 764 890 ipsum
774 809 869 900 uobis
883 812 943 874 33-
987 827 1006 872 3
1023 809 1228 882 nobissimum
1245 827 1326 892 num
1341 811 1623 893 magdeburgenses
1649 811 1790 888 centuria
1812 815 1846 878 l.

1 953 3 968 ,
80 901 189 968 petrei
218 891 819 972 3133133333.3131333333-333333,
843 909 944 972 quom
989 908 1057 969 cap.
1074 892 1104 954 l.
1122 891 1405 956 inconstantissimo
1421 896 1600 972 loquuntur3
1616 895 1844 959 3333331333·

1 977 2 990 ³
83 976 299 1048 rneruisti,iu
311 976 404 1039 uobis
418 978 635 1054 sicuperetur.
653 975 944 1055 qoopcrtieipiruu
987 982 1141 1053 gnoscnut
1155 993 1224 1038 csse
1240 975 1360 1038 Petrum
1388 976 1571 1053 testimonia,
1588 978 1643 1040 sed
1670 979 1776 1041 dieunt
1791 995 1846 1044 eos

1 1051 2 1064 ¹
82 1055 330 1136 beutipruemii
351 1058 444 1122 nobie
467 1059 721 1122 misericorditer
745 1059 945 1139 quaudoque
989 1072 1119 1128 errasse,
1138 1074 1220 1120 nuuc
1235 1061 1306 1120 re'ro
1327 1059 1461 1121 dicuuta
1487 1061 1621 1142 maligno
1644 1063 1754 1140 spiritu
1770 1078 1843 1126 esse

81 1139 238 1202 donetur.
523 1211 525 1216 χ
988 1139 1101 1202 inserta
1118 1140 1148 1200 in
1165 1141 1311 1217 operibus
1324 1148 1473 1204 tantarum
1488 1143 1634 1211 virorum,
1651 1144 1732 1224 quod
1748 1151 1847 1208 tannen

110 1223 159 1282 s.
174 1221 345 1285 bernardus
358 1239 452 1285 sarm.
468 1223 499 1285 2.
516 1223 816 1308 supererangelium
831 1222 944 1286 Missus
990 1238 1050 1283 non
1066 1222 1154 1288 aliter
1167 1223 1307 1302 probant,
1334 1241 1424 1304 qutun
1440 1226 1509 1302 piria
1536 1225 1715 1288 Ambrosius
1740 1227 1795 1288 lib.
1814 1227 1846 1290 3.
1867 1239 1870 1244 ·

81 1311 145 1367 est:
169 1307 276 1382 inquil,
293 1305 509 1384 lopericulis,
524 1307 564 1368 im
584 1307 764 1384 augustiis,
786 1307 825 1369 in
846 1305 951 1368 rebus
989 1304 1029 1367 de
1043 1305 1156 1381 Spiritu
1171 1315 1277 1368 saneto
1293 1323 1321 1368 c.
1339 1308 1388 1369 la.
1405 1313 1436 1368 et
1460 1307 1649 1384 Epiphanius
1665 1307 1696 1369 ln
1723 1308 1845 1372 haeresi

79 1387 206 1460 dubiis,
222 1386 361 1450 litorium
371 1388 488 1466 333113,
501 1387 640 1451 diarium
659 1389 788 1452 invoca.
811 1387 944 1450 113333-
991 1386 1270 1456 totttrtotnnnrurn,
1286 1389 1393 1453 dicunt
1407 1391 1505 1452 solum
1521 1389 1620 1467 lleurn
1634 1405 1704 1453 esse
1719 1392 1849 1453 adoran·

80 1468 397 1536 3333133333333
408 1471 540 1534 recedat
553 1471 944 1549 ocardemutimpetres
990 1470 1074 1532 dum.
1092 1469 1152 1532 Nee
1177 1471 1335 1534 advertere
1361 1472 1465 1538 volunt
1485 1478 1539 1534 333
1565 1472 1667 1534 l’atres
1697 1473 1780 1550 loqui
1808 1475 1847 1537 de

79 1551 155 1630 taius
167 1551 322 1624 orationis
336 1551 618 1632 suffragiummou
630 1554 762 1616 deseres
777 1569 943 1615 conuersa·
987 1552 1178 1622 adoratione,
1197 1569 1275 1630 quae
1292 1555 1350 1616 soli
1366 1555 1506 1626 debetur,
1525 1554 1601 1625 beo,
1618 1553 1648 1615 in
1663 1571 1726 1634 quc
1750 1573 1847 1620 sensu

80 1634 182 1696 tionis
197 1635 394 1712 ememplum.
410 1635 521 1714 ipsam
547 1651 685 1720 sequeus
713 1652 782 1697 nou
811 1637 944 1707 demus,
987 1636 1077 1696 aliern
1095 1635 1839 1718 3331313333.3313333333333333333,3333

81 1717 193 1793 ipsam
205 1731 327 1794 333333
339 1733 409 1780 333
422 1719 586 1797 desperes,
600 1720 707 1796 ipsum
718 1721 863 1796 cogitans
876 1733 946 1780 non
987 1733 1051 1794 qun
1068 1719 1166 1778 lamen
1182 1717 1263 1781 bene
1276 1719 1432 1792 cohaeret,
1449 1722 1530 1798 quod
1553 1719 1698 1792 dicimus,
1719 1729 1846 1784 sauctus

83 1815 188 1869 erras,
204 1799 283 1877 ipsu
293 1805 420 1864 tenente
433 1807 503 1864 333
517 1802 654 1874 corruis,
667 1801 742 1879 ipsc
761 1806 946 1880 protegente
983 1815 1048 1862 non
1064 1800 1202 1876 3311333,
1220 1803 1275 1862 sed
1291 1806 1325 1866 ut
1338 1804 1453 1864 amieos
1470 1803 1522 1865 liei
1538 1803 1736 1866 invocandos.

79 1895 152 1942 333
165 1881 293 1956 metuis,
317 1883 391 1962 ipso
403 1884 486 1946 duce
498 1883 732 1962 recusutigoris
746 1931 754 1954 ,
783 1883 859 1962 ipsc
870 1900 945 1961 pro·
1028 1881 1121 1944 Porro
1133 1883 1275 1945 Brentius
1285 1901 1353 1964 cap.
1366 1884 1417 1948 21.
1431 1885 1640 1948 confessionis
1652 1885 1846 1949 wirtember·

77 1963 164 2039 pitio
187 1966 364 2042 peraccis,
394 1970 424 2028 ct
451 1966 497 2028 sic
524 1967 561 2028 iu
585 1967 745 2046 temetipso
771 1967 943 2044 emper-iris,
986 1966 1105 2044 gensis,
1123 1967 1225 2042 omnia
1240 1975 1367 2028 conatur
1382 1969 1508 2031 eludere
1525 1984 1579 2046 per
1591 1967 1722 2047 ilgumm
1736 1985 1843 2046 prosn-

80 2060 185 2124 quom
217 2049 330 2111 333333
355 2049 479 2112 dicium
505 2049 568 2128 sit,
598 2054 628 2112 ct
651 2065 772 2113 momen
807 2049 943 2128 Virginis
988 2049 1133 2126 popejae.
1149 2050 1228 2110 llicit
1242 2047 1325 2111 enirn
1341 2050 1444 2112 Patres
1460 2051 1491 2112 iu
1507 2050 1710 2115 macionibus
1727 2050 1848 2114 lurocu-

83 2127 204 2190 Morio.
317 2151 318 2156 ¹
989 2145 1022 2190 re
1049 2132 1155 2192 solitos
1170 2146 1241 2194 esse
1268 2132 1390 2194 nornine
1408 2141 1593 2194 mortuorum
1607 2132 1679 2195 acsi
1694 2134 1840 2210 viverent,

132 2210 174 2272 lix
188 2210 301 2274 131330.
316 2212 452 2293 antiquis
481 2218 512 2275 et
526 2211 713 2277 doctissimis
726 2213 942 2284 Patribus,suli
983 2213 1066 2275 siem
1077 2214 1229 2276 interdum
1241 2213 1320 2276 inter
1332 2215 1564 2277 declamantium
1574 2215 1842 2295 nunqnirnur'eaa·

83 2299 160 2353 sunt
174 2292 311 2372 quinque
323 2293 468 2375 Gregorio
491 2296 690 2372 posteriorem
713 2311 749 2358 ex
774 2312 836 2378 quo
851 2311 942 2375 appu·
985 2296 1059 2369 lum,
1076 2299 1121 2358 rel
1136 2303 1259 2368 terrem,
1277 2297 1323 2358 rel
1338 2304 1473 2360 mortuos
1487 2299 1723 2378 bemines,quos
1738 2304 1841 2362 taurea

81 2379 144 2443 ret,
161 2391 251 2452 qrrarn
263 2376 384 2440 illustre
407 2377 496 2440 luerit
521 2379 714 2440 mendacium
730 2379 873 2456 Philippi,
890 2379 942 2455 qul
986 2381 1199 2442 certeselnrus
1212 2395 1274 2442 uon
1287 2381 1409 2444 audire.
1423 2381 1459 2444 dt
1470 2380 1718 2459 booligmentum
1736 2382 1766 2443 in
1779 2382 1841 2459 pri·

83 2461 159 2519 aute
176 2458 355 2538 Gregoriuor
369 2461 500 2542 ignotum
517 2461 614 2527 tuisse
629 2463 754 2539 scripsit
767 2468 943 2524 sanctorum
986 2461 1060 2536 mis,
1077 2461 1102 2524 si
1119 2462 1215 2524 ullum
1232 2461 1360 2524 baberet
1372 2463 1488 2536 iocum,
1504 2463 1604 2526 solum
1617 2462 1745 2525 baberet
1757 2463 1786 2525 in
1798 2469 1844 2527 te·

83 2538 323 2604 invocationem.
429 2561 436 2571 ‘
620 2571 623 2578 .
981 2543 1843 2623 elimoniisbasilii,llaainnreni,elquorundamaliorum,
1885 2602 1887 2608 .

126 2621 275 2686 Probatur
290 2623 397 2703 quinto
412 2640 449 2687 ex
462 2625 618 2710 miraculis
633 2624 671 2689 b.
688 2625 834 2688 Bernardl
855 2625 943 2688 tactis
984 2628 1036 2705 qui
1052 2627 1132 2689 inter
1146 2628 1391 2690 concionandum
1404 2633 1528 2690 sanctos
1539 2619 1842 2692 inuocauerunttlui·

80 2714 191 2767 contra
208 2707 286 2769 banc
301 2709 469 2770 baeresim.
486 2708 636 2770 Scribitur
648 2710 734 2770 enim
748 2708 804 2770 lib.
821 2705 945 2772 331133
984 2709 1163 2772 tumentem
1179 2710 1309 2772 baberet
1322 2710 1354 2772 iu
1369 2711 1555 2773 testimoniis
1568 2711 1843 2791 utengstttreuaei

76 2785 154 2864 ejus
176 2805 243 2868 cap.
259 2789 289 2852 5.
306 2791 388 2870 quod
404 2806 472 2852 curu
487 2789 520 2853 b.
537 2791 709 2854 bernardus
733 2793 814 2869 apud
831 2789 941 2854 Tbelo·
986 2791 1104 2868 Hilarii,
1121 2793 1284 2865 Ambrosii,
1298 2790 1519 2872 chrysostomi,
1535 2793 1709 2872 Augustini,
1726 2801 1756 2855 et
1770 2793 1844 2856 3113-

78 2884 149 2930 sam
165 2877 271 2934 centra
286 2873 366 2934 banc
380 2873 476 2952 ipsam
493 2873 645 2935 lracresim
668 2874 872 2952 praedicaret,
887 2891 941 2952 po·
986 2891 1065 2944 rum,
1081 2876 1134 2954 qui
1147 2877 1195 2938 rel
1212 2875 1325 2938 docent
1339 2883 1462 2938 senetos
1484 2877 1681 2950 inmeantes,
1699 2875 1746 2937 rel
1770 2892 1838 2942 aar·

77 2951 225 3027 pulcrum
240 2954 340 3016 turbis
355 2953 557 3018 offerentibus
572 2971 690 3034 pnes.
706 2961 738 3018 ut
752 2958 797 3019 eis
812 2960 857 3018 rir
871 2973 941 3019 san·
986 2965 1083 3030 rante
1100 2959 1213 3037 qulbus
1227 2958 1290 3019 siat
1300 2957 1442 3020 invocati.
1459 2957 1521 3020 Sed
1536 2957 1618 3036 quod
1634 2973 1693 3021 nec
1707 2958 1737 3019 iu
1760 2960 1843 3021 testi·

77 3039 150 3096 ctus
163 3033 374 3108 benediceret,
401 3044 432 3100 et
447 3038 651 3100 benedicebat
667 3039 720 3102 ille
734 3043 826 3119 signo
841 3039 943 3102 crucis
987 3040 1100 3103 moniis
1115 3041 1216 3102 liusilii
1233 3039 1418 3120 et'Gregorii
1431 3041 1535 3104 locum
1549 3041 1671 3116 liabent,
1696 3041 1770 3103 inde
1792 3049 1845 3120 pt·

78 3115 164 3176 odito
181 3118 228 3179 lris
244 3119 356 3181 verbis:
373 3119 412 3183 13
426 3120 485 3183 boc
498 3120 604 3182 scietis
630 3135 710 3184 oerc
730 3137 797 3184 csse
819 3137 905 3202 quoe
919 3139 942 3185 o
983 3126 1037 3196 tet,
1053 3124 1135 3203 quod
1149 3123 1199 3184 isti
1215 3123 1318 3186 Patres
1333 3121 1448 3185 ibidem
1469 3123 1654 3201 pollicentur
1667 3121 1745 3197 sibi,
1762 3131 1792 3186 el
1806 3143 1838 3186 a·

75 3195 187 3271 331313,
216 3199 303 3279 salso
331 3218 415 3280 quoe
436 3201 477 3264 ab
499 3202 669 3265 ltuercticis
689 3205 889 3274 suadentur.
912 3207 941 3268 ei
984 3205 1034 3266 liis
1047 3205 1243 3268 auxiliumex
1257 3205 1308 3267 illa
1331 3208 1534 3278 invocatione,
1552 3211 1582 3266 et
1597 3205 1741 3266 miraculo
1761 3221 1843 3284 quac

73 3279 205 3357 infirmi
223 3281 321 3346 uestri
332 3287 469 3362 gustetis
486 3286 631 3364 ponitus
651 3287 732 3359 istis,
747 3288 861 3365 adepti
873 3286 942 3364 tue·
983 3287 1157 3361 tentabunt,
1175 3290 1250 3352 satis
1271 3289 1450 3354 ostendunt.
1473 3304 1533 3350 non
1549 3288 1672 3350 1333333
1694 3303 1844 3366 prosopo-

75 3363 149 3425 riut
173 3367 369 3445 sospitatem.
395 3367 430 3429 lit
451 3385 521 3430 cum
543 3369 710 3448 episeopus
736 3367 940 3446 carnotensi,
985 3371 1098 3450 pojum.
1115 3373 1170 3434 sed
1188 3371 1366 3451 petitionem
1394 3369 1553 3438 efficacem
1575 3385 1646 3433 esse
1671 3369 1837 3434 intuentiu-

74 3445 131 3520 oui
143 3447 258 3521 aderat,
276 3449 403 3526 diceret:
421 3449 457 3512 st
470 3451 557 3514 bona
575 3448 640 3529 pido
653 3453 850 3530 sumpserint
865 3501 872 3521 .
888 3469 941 3516 33·
986 3469 1057 3516 nem
1079 3463 1270 3519 sanctorum.

72 3527 295 3595 3333331333.
310 3532 484 3597 bernardus
497 3533 698 3596 addidit-lton
708 3533 768 3597 boc
782 3551 839 3612 epo
854 3536 940 3610 dimi,
1025 3536 1089 3598 lam
1105 3536 1247 3606 Calvinus
1261 3535 1317 3598 lib.
1334 3535 1364 3598 3.
1377 3535 1518 3612 capili.
1534 3533 1630 3596 instit.
1657 3534 1840 3612 respondet,

73 3613 139 3673 sed
153 3629 226 3676 ucrc
254 3615 452 3696 quicumque
473 3617 689 3694 gustaverint.
711 3616 940 3692 sonabuntur,
985 3619 1088 3681 Patres
1104 3621 1240 3682 noluisse
1256 3618 1379 3697 quidem
1396 3618 1561 3696 probibere
1589 3618 1667 3678 banc
1690 3617 1841 3695 supersti-

72 3699 115 3754 ut
133 3709 295 3760 soresmos
310 3703 342 3760 et
355 3714 484 3762 seroces
498 3697 558 3761 liei
576 3700 714 3762 nuncios
739 3687 805 3762 etse
818 3701 939 3764 sciatis.
986 3703 1111 3772 tionem.
1126 3703 1181 3764 sed
1199 3717 1259 3762 non
1274 3699 1413 3780 potuisse
1428 3698 1569 3778 irangere
1583 3698 1730 3777 impetum
1745 3698 1840 3777 vulgi,

74 3773 118 3836 El
130 3779 291 3860 subjungit
305 3789 431 3842 ructor:
448 3781 654 3860 imminpere
670 3780 842 3845 multitudo
868 3783 939 3846 lcu-
984 3784 1015 3845 id
1030 3784 1110 3862 quod
1124 3783 1307 3849 ostenditur
1319 3780 1452 3845 concilio
1466 3779 1693 3862 carlbsgineosi
1705 3779 1761 3842 lll.
1775 3797 1844 3860 cap.

72 3862 251 3936 quercum
264 3868 391 3941 333313
411 3863 469 3926 illo
483 3879 570 3942 poue
582 3863 757 3936 mavoluit,
772 3869 810 3927 ut
822 3881 882 3944 per
895 3871 939 3930 to·
984 3865 1037 3929 23.
1055 3867 1106 3929 obt
1124 3865 1315 3944 prohibetur,
1334 3881 1374 3926 ne
1390 3864 1421 3926 in
1435 3863 1592 3942 precibus,
1610 3877 1688 3945 quae
1700 3861 1846 3926 33311333

76 3946 148 4004 tam
161 3946 371 4022 provintiam
384 3945 517 4010 uerbum
531 3946 591 4008 troc
602 3945 839 4026 divulgaretur.
983 3949 1163 4020 tunduntur,
1181 3949 1276 4010 oratio
1292 3948 1441 4028 dirigatur
1456 3948 1492 4008 33
1509 3945 1617 4020 ulium,
1633 3961 1725 4024 quem
1740 3947 1777 4006 ad
1790 3945 1844 4006 lta·

123 4026 208 4102 llolu,
224 4027 370 4090 miracul-a
393 4028 451 4091 ista
467 4045 529 4092 nnn
553 4043 626 4091 csse
650 4028 727 4090 lacta
755 4029 878 4108 proprie
900 4030 938 4093 ad
984 4031 1130 4094 tremitur
1145 4047 1206 4108 qun
1220 4031 1285 4092 rull
1299 4029 1442 4092 Caluinus
1457 4029 1572 4107 colligi,
1590 4027 1725 4090 noluisse
1737 4025 1842 4090 Patres

73 4109 235 4191 probanda
250 4111 359 4172 merita
375 4111 407 4173 b.
424 4111 582 4187 Bernardi3
597 4127 667 4173 nam
683 4112 750 4190 ipse
764 4113 880 4177 diserte
894 4113 939 4175 di·
982 4113 1052 4194 ejus
1064 4115 1187 4176 concilii
1201 4114 1310 4176 saltem
1321 4111 1471 4192 impedire
1485 4128 1526 4172 33
1536 4110 1715 4191 mysterium
1726 4113 1844 4173 coenae

72 4196 131 4265 xit,
149 4199 181 4254 nt
196 4199 378 4256 sanarentur
392 4194 552 4274 aegroti,si
568 4209 637 4254 rere
654 4201 835 4274 orentquae
850 4213 938 4274 prae·
986 4197 1198 4276 pretunaretur
1225 4195 1419 4258 inuocatione
1429 4199 1634 4272 3333333333.
1650 4191 1736 4264 Quod
1752 4192 1845 4254 eliam

72 4279 242 4338 dicaverat:
258 4283 291 4338 et
305 4293 345 4339 33
359 4276 436 4351 torte
452 4277 660 4339 tribuerentur
674 4276 746 4339 lidei
763 4283 794 4340 et
805 4278 939 4342 devotis
986 4279 1185 4342 oonllrmatu'r
1199 4294 1236 4341 ex
1251 4293 1279 4342 s.
1295 4277 1467 4358 Augustino
1492 4275 1549 4339 lib.
1570 4275 1624 4336 22.
1641 4274 1680 4336 33
1694 4271 1758 4337 dir.
1785 4272 1842 4338 1131

73 4360 107 4420 ni
127 4357 309 4437 populorum
325 4359 455 4427 addidit.
481 4375 591 4421 omnes
605 4360 772 4430 sanandos
797 4362 850 4440 qui
867 4363 939 4425 inde
985 4379 1013 4425 e.
1028 4361 1131 4424 ltlubi
1141 4361 1218 4424 dicit
1229 4368 1354 4424 sanctos
1367 4377 1432 4422 non
1446 4355 1780 4422 inrocnriasacerdote
1790 4371 1841 4420 se·

71 4447 265 4522 gustassent,
282 4443 347 4504 sire
361 4457 433 4504 oum
449 4441 520 4514 llde,
537 4441 601 4502 sire
617 4442 686 4504 sinc
702 4441 774 4514 lide,
802 4451 834 4505 ut
849 4446 938 4508 uimi-
985 4444 1153 4508 3311133313.
1650 4491 1653 4498 ,

73 4541 144 4586 rum
161 4529 258 4585 toturn
272 4524 455 4590 miraculum
485 4524 651 4586 referretur
674 4529 829 4604 tamquam
852 4527 939 4590 arl'll-
1026 4527 1088 4590 Sed
1104 4525 1197 4594 nimis
1217 4523 1372 4590 infirmum
1385 4529 1433 4588 esi
1443 4523 1558 4588 tatrtnt
1583 4521 1753 4603 retugium:
1770 4521 1844 4584 dam

74 4623 162 4678 uem,
179 4607 214 4666 33
245 4606 509 4670 contlrreatioucru
534 4605 681 4669 ueritatis:
698 4606 778 4684 Ergo
792 4623 863 4671 cum
877 4609 941 4674 sint
985 4610 1067 4687 quod
1085 4609 1188 4671 Patres
1211 4624 1275 4670 non
1291 4607 1463 4689 cupiveriat
1486 4604 1652 4684 probibere
1676 4605 1843 4693 13333333·

72 4690 155 4752 tacto
170 4688 408 4752 innumerabilia
421 4689 566 4753 miracula
580 4689 617 4750 ad
631 4691 710 4752 bane
723 4697 855 4753 nestram
868 4709 940 4754 seu·
985 4709 1056 4754 nem
1073 4697 1259 4764 sanctorum,
1272 4698 1355 4770 patet
1369 4707 1405 4753 ex
1418 4690 1678 4770 retbisipsorum
1690 4703 1753 4767 gam
1767 4685 1844 4748 elta-

73 4775 204 4833 lentiam
220 4771 460 4834 confirmandam
477 4781 529 4835 unt
541 4772 608 4851 ipsa
622 4785 692 4834 rere
708 4777 766 4849 est,
792 4780 844 4836 aut
857 4774 940 4840 Deus
985 4777 1035 4851 tis,
1050 4775 1105 4838 ubi
1119 4775 1180 4853 ipsi
1196 4774 1349 4848 suadent,
1375 4773 1548 4846 hortantur,
1570 4771 1698 4842 docent,
1713 4775 1842 4864 sanctos

73 4854 166 4916 testis
181 4853 238 4916 luit
251 4853 406 4918 lelsitatis.
984 4857 1184 4927 invocandos.
1201 4855 1305 4934 stipsi
1321 4871 1375 4918 ees
1385 4855 1503 4935 passim
1525 4855 1842 4919 invocaverunt.et1u

116 4937 275 4999 Accedant
309 4943 466 5017 postremo
493 4935 611 4998 induite
637 4934 799 5010 miracula,
823 4937 940 5017 quibus
984 4937 1373 5002 conciliisasecelebretis
1387 4953 1442 5000 eus
1455 4937 1588 4999 invocari
1601 4939 1842 5014 praeceperunt.

72 5019 175 5081 sancti
191 5019 376 5099 saepissime
401 5018 662 5092 demonstrarunt,
679 5033 715 5102 se
740 5018 846 5083 audire
872 5037 940 5098 pre·
985 5021 1089 5099 lleoue
1101 5021 1132 5084 in
1144 5019 1275 5084 concillo
1287 5018 1514 5100 carthaginensi
1526 5019 1765 5082 babeturunum
1776 5031 1843 5078 rer·

72 5119 131 5164 ces
145 5102 325 5176 virentium,
342 5108 372 5165 et
387 5117 480 5180 posse
494 5118 530 5164 33
542 5102 622 5164 33113
635 5101 696 5164 eos'
703 5101 821 5180 jurare,
840 5121 855 5164 a
871 5101 939 5183 qui·
985 5105 1058 5166 bum
1072 5104 1111 5166 33
1127 5104 1319 5166 invocatione
1334 5110 1520 5174 sanctarum,
1532 5101 1592 5168 ,333
1606 5099 1709 5162 solum
1726 5097 1844 5178 praeel-

71 5184 135 5246 bus
151 5185 342 5248 invocantur.
369 5185 446 5248 llide
461 5185 500 5246 de
515 5183 564 5246 bis
590 5183 747 5246 miraculis
772 5184 935 5263 epistolam
985 5189 1077 5266 pitur,
1092 5192 1124 5248 ut
1134 5187 1230 5249 oratio
1244 5185 1414 5248 sacerdotis
1427 5184 1612 5246 seerilluiurn
1623 5179 1782 5244 ollerentis
1797 5181 1843 5242 di·

71 5267 131 5330 ltili
148 5267 431 5330 recitataminill.
447 5266 640 5346 sponderet.
656 5266 687 5329 l.
715 5267 938 5332 theodoretum
984 5269 1098 5350 rigatur
1108 5269 1144 5330 33
1161 5283 1325 5346 personam
1349 5267 1458 5338 larris,
1477 5283 1537 5329 non
1564 5265 1620 5328 tllii
1636 5269 1687 5326 aut
1708 5262 1842 5358 Spiritus

73 5354 106 5412 in
124 5351 231 5414 histor.
259 5343 566 5426 insensatu
588 5348 643 5411 lib.
666 5349 697 5410 8.
724 5351 761 5411 ad
789 5351 937 5414 Graecos.
984 5355 1094 5426 suncti,
1113 5351 1299 5430 quodetiam
1318 5351 1409 5412 modo
1424 5363 1605 5424 servamus,
1636 5361 1775 5428 quamrrs
1788 5345 1844 5409 tuti

71 5433 270 5497 Ambrosium
286 5431 531 5512 sermonicum
547 5437 595 5494 est
609 5433 648 5494 33
665 5433 938 5514 signetudugu·
985 5433 1196 5498 sacrificemus
1211 5433 1360 5512 trinitati.
1661 5477 1664 5484 .

1 5553 2 5570 .
74 5515 191 5578 stinum
206 5516 263 5579 lib.
280 5515 333 5579 22.
348 5516 389 5580 33
415 5514 504 5579 (tivit.
530 5513 586 5578 Del
610 5530 679 5593 cap.
700 5514 731 5577 8.
759 5515 938 5594 Gregoriunr
1025 5518 1135 5580 Beatus
1149 5516 1240 5578 etlam
1256 5514 1446 5596 Augustinus
1460 5510 1755 5590 soluurdocot,ipse
1769 5523 1840 5587 pre·

76 5601 248 5662 turonicum
264 5601 295 5661 in
312 5599 400 5662 libris
414 5599 455 5662 de
480 5597 574 5678 gloria
589 5603 755 5674 martyrum
771 5605 802 5660 et
816 5601 937 5664 contes-
983 5617 1019 5664 ce
1035 5618 1094 5679 qua
1106 5598 1290 5662 saerillciurn
1304 5595 1441 5682 offertur,
1457 5613 1519 5658 333
1534 5597 1667 5658 invocari
1690 5598 1835 5663 sanctos,

1 5698 3 5736 t
73 5699 194 5746 sorum.
210 5683 389 5764 Gregorio·
405 5697 564 5746 33333333
593 5680 653 5744 lib.
668 5679 700 5744 3.
728 5681 840 5764 dialog.
865 5697 934 5764 cap.
983 5683 1037 5748 sed
1055 5683 1163 5761 Deum,
1180 5683 1228 5746 eui
1246 5683 1304 5746 soli
1320 5681 1527 5758 sanrtlluatur3
1541 5678 1611 5743 dnm
1628 5677 1709 5760 quud
1726 5675 1757 5738 la
1770 5677 1842 5754 lpse
