4082 6300
621 761 624 767 ¹
726 819 1357 940 ‘uruaoauaare's
1457 871 1459 876 ι
1547 947 1549 954 Ι

299 1251 303 1256 ’
420 1417 482 1462 -
573 1179 898 1502 noris
969 1319 1561 1504 caenosum

1003 1733 1120 1746 nunu—un«

484 2331 602 2404 CAPUT
616 2337 761 2402 rmhdtl
1095 2343 1215 2418 septem
1229 2345 1331 2403 notas.
1344 2335 1458 2410 Primo,
1472 2353 1586 2412 aeram,
1603 2343 1638 2402 ct
1648 2338 1854 2420 incorruptam
1870 2355 1957 2416 prae-

307 2477 309 2482 .
1094 2422 1278 2486 dicationem
1306 2420 1471 2501 euangelii.
1497 2421 1537 2484 ll.
1562 2421 1741 2502 Legitimam
1764 2420 1959 2484 administra·
2027 2497 2028 2500 Ἴ

334 2502 572 2568 rescrationem
586 2504 627 2566 de
641 2503 730 2567 licto
741 2503 906 2568 Ecclesiae
1092 2505 1207 2567 tionem
1219 2503 1377 2584 baptismi.
1391 2503 1631 2585 lll.Legitimum
1642 2521 1731 2568 usum
1740 2502 1958 2568 eucharistiae.
2027 2545 2028 2556 .

462 2584 673 2650 utilissimam
688 2603 769 2652 cese.
1090 2585 1142 2651 ΙΙΙ.
1158 2586 1339 2668 legitimum
1369 2603 1460 2651 usum
1484 2587 1625 2650 clerium.
1641 2586 1677 2649 V.
1695 2586 1869 2667 Legitimam
1896 2586 1960 2649 ele-

465 2687 468 2698 ·
670 2715 672 2720 .
1091 2669 1226 2732 ctionem
1239 2671 1464 2744 ministrorum,
1486 2669 1539 2751 qui
1559 2669 1691 2732 doceant
1714 2677 1745 2734 et
1765 2677 1958 2733 sacramente

217 2749 590 2832 Superest'doutrorersia
607 2751 646 2814 de
666 2750 750 2813 llotis
763 2768 851 2815 verae
863 2750 1044 2831 Ecclesiae,
1092 2750 1277 2817 ministrent.
1294 2750 1344 2815 VI.
1360 2750 1538 2816 Orationem
1566 2751 1742 2831 publicam,
1772 2756 1804 2816 ct
1825 2753 1960 2830 psalmo-

176 2850 257 2910 auae
272 2833 479 2897 controuersia
493 2832 657 2897 utilissima
674 2841 737 2910 cst;¹
749 2833 957 2904 Omues'euim
973 2833 1061 2900 oon-1
1091 2834 1184 2911 diam,
1201 2841 1233 2896 et
1246 2834 1488 2910 catechismum,
1505 2834 1560 2898 sed
1576 2835 1680 2916 lingua
1697 2880 1706 2910 ,
1736 2849 1817 2914 quae
1845 2834 1960 2896 intelli·

177 2915 317 2991 litentur,
335 2920 367 2980 in
383 2917 536 2980 solarere
551 2913 692 2998 Ecclesia
713 2899 785 2979 esse
804 2935 906 2982 aeram
921 2919 1014 2983 iidem
1033 2968 1042 2992 ,
1089 2923 1178 2998 gatur
1192 2917 1230 2979 ab
1246 2917 1403 2980 omatibus.
1419 2917 1486 2982 vll.
1512 2917 1687 2998 mysterium
1710 2917 1811 2980 crucis
1824 2962 1832 2992 ,
1847 2917 1931 2978 idest
1949 2963 1957 2988 ,

174 3014 280 3062 veram
297 3006 493 3078 peecatorum
509 2997 738 3074 remissionem,
750 3016 850 3066 reram
865 3018 953 3080 spem
965 3003 1045 3070 salu·
1092 2999 1305 3062 tribulationes
1321 2999 1405 3063 intus
1419 3007 1450 3064 ct
1461 3005 1555 3070 extra,
1571 3001 1610 3062 ita
1626 3006 1658 3062 ut
1673 3004 1756 3062 intas
1778 2999 1818 3061 sit
1830 3001 1960 3062 moesti·

175 3082 215 3142 tis
232 3090 389 3154 aeternae,
417 3081 496 3144 adeo
525 3086 558 3143 ut
583 3080 755 3162 Cyprianus
785 3085 824 3146 de
850 3085 1044 3163 simplicitate
1089 3082 1141 3158 tia,
1157 3082 1405 3162 pusillanimitas,
1422 3089 1567 3161 terrores3
1583 3082 1669 3152 ioris,
1686 3089 1863 3161 paupertas,
1879 3099 1957 3144 can-

173 3167 383 3242 praetatorum
395 3163 574 3227 dicatcam
587 3163 651 3227 lieo
667 3181 801 3229 manere
815 3181 884 3231 aon
896 3177 1042 3245 possunt,
1088 3171 1237 3243 temptas,
1253 3170 1285 3226 ct
1299 3170 1332 3227 ut
1345 3165 1518 3230 habeantur
1532 3167 1570 3231 ab
1582 3165 1763 3228 bominibus
1778 3166 1927 3228 baeretici
1947 3214 1955 3235 ,

175 3245 235 3324 qni
249 3263 315 3318 esec
335 3248 374 3310 in
398 3247 544 3310 Ecclesia
572 3247 630 3312 liei
650 3249 1039 3314 tmaoimceootaeract.
1089 3249 1352 3322 cacodaemones,
1367 3251 1566 3312 catharmata.

172 3327 402 3392 Ardcontlicet
415 3329 558 3410 flammis
573 3379 581 3400 ,
598 3335 627 3392 ei
640 3328 773 3410 ignibus
785 3333 909 3408 traditi,
925 3331 976 3396 oel
990 3334 1043 3397 ob·
1127 3329 1298 3393 Notandum
1326 3345 1398 3393 vero
1424 3337 1493 3402 est,
1518 3329 1685 3395 Lutberum
1725 3329 1814 3392 calda
1839 3328 1961 3392 cauisse

169 3410 250 3490 jacti
271 3413 379 3477 bestiis
401 3412 532 3476 aniame
557 3428 643 3480 suas,
656 3413 805 3492 ponant,
827 3431 898 3478 oon
912 3417 972 3478 crit
983 3417 1044 3480 illc
1088 3428 1127 3474 ne
1144 3414 1238 3476 ullam
1253 3417 1356 3474 natam
1366 3413 1520 3492 reciperet
1533 3429 1726 3494 eorumquae
1740 3419 1812 3478 suut
1827 3413 1859 3474 lu
1871 3429 1955 3492 sym·

173 3491 461 3576 fideicoroncped
474 3493 764 3576 poeoaoerfidice:
780 3497 885 3566 occidi
898 3497 1041 3580 talispo·
1086 3494 1161 3559 bolo
1176 3496 1508 3575 constantinopolitano
1523 3543 1531 3570 ,
1555 3512 1627 3560 oum
1641 3501 1743 3560 tamen
1757 3495 1859 3558 arnoia
1873 3501 1957 3558 aete·

172 3582 245 3648 test,
261 3581 417 3642 coronari
430 3594 500 3642 noo
513 3586 627 3659 potest
1087 3594 1119 3640 ra
1134 3577 1264 3641 coucilia
1279 3592 1335 3657 per
1349 3593 1404 3641 cas
1415 3585 1515 3653 uoles,
1531 3580 1663 3642 maxime
1677 3595 1734 3659 per
1754 3578 1957 3656 apostolicam

192 3680 197 3688 ¹
216 3659 333 3724 Similia
356 3663 471 3724 docent
485 3676 595 3726 omues
610 3660 740 3736 Patres,
763 3676 822 3740 nec
844 3662 990 3727 baeretici
1007 3681 1042 3727 ea
1087 3657 1259 3724 Ecclesiam
1275 3675 1311 3722 se
1325 3660 1460 3725 discerni
1483 3661 1598 3725 vellent
1613 3661 1651 3724 ab
1675 3661 1819 3724 omnibus
1843 3661 1953 3724 sectis,

173 3743 643 3822 negant31lamidcircoomais
660 3745 801 3808 haeresia
824 3745 862 3809 ad
889 3762 925 3808 se
945 3749 1042 3812 solam
1087 3741 1179 3808 Porro
1194 3742 1307 3807 caeteri
1319 3744 1422 3806 solent
1436 3745 1513 3807 duas
1534 3749 1651 3808 tantum
1669 3759 1856 3823 proponere,
1872 3761 1953 3824 qliae

173 3827 265 3888 trabit
279 3843 381 3890 reram
397 3828 564 3891 Ecclesium
580 3875 588 3900 ,
616 3833 646 3890 el
672 3827 750 3890 alios
765 3843 874 3891 omnes
889 3835 971 3891 extra
987 3831 1042 3892 Ec·
1086 3827 1332 3906 complectuntur
1343 3826 1457 3905 primes
1468 3826 1606 3907 quinque
1619 3833 1705 3891 notas
1716 3826 1954 3901 Lutheriidest.

173 3910 300 3972 alesiam
317 3912 414 3991 ponit,
430 3918 463 3973 ut
475 3912 525 3973 bis
539 3911 642 3973 verbis
656 3908 831 3972 Lactantius
846 3910 936 3974 docet
951 3913 1039 3976 libi.
1087 3908 1344 3986 praedicationem
1361 3910 1512 3972 sinceram
1528 3909 1613 3972 uerbi
1627 3909 1684 3971 lici
1702 3956 1710 3979 ,
1739 3915 1771 3973 et
1794 3908 1953 3978 sincerum

173 4009 243 4072 cap.
261 3993 316 4055 ult.
330 3993 501 4056 diuinarum
514 3994 738 4058 institutionum
753 4011 761 4054 r
779 3993 858 4056 Sola
869 3995 1040 4071 calholica,
1087 4007 1176 4053 usum
1188 3996 1460 4068 sacramentorum3
1476 3998 1509 4058 et
1528 4008 1567 4063 ex
1582 3992 1630 4054 his
1646 3991 1766 4054 duabus
1795 3991 1955 4071 qrraelibet

174 4075 286 4154 inquit,
308 4075 455 4140 Ecclesia
469 4082 525 4151 est,
541 4091 754 4157 qaaeueracm
778 4075 1042 4142 aalmntretinet.
1085 4079 1168 4135 secla
1185 4073 1626 4152 probatapudscessevaram
1640 4075 1823 4138 Ecclesiam.
1841 4075 1885 4136 lta
1900 4075 1955 4137 do·

175 4157 234 4222 llio
246 4163 356 4222 cotem
367 4164 413 4222 est
422 4161 495 4239 fona
510 4157 667 4231 ueritatis,
683 4157 743 4220 boe
765 4162 822 4232 eat,
839 4159 1043 4225 domicilium
1086 4160 1136 4218 cet
1150 4154 1310 4222 contessio
1323 4153 1520 4237 lagostera,
1543 4165 1599 4220 art.
1626 4157 1657 4220 d.
1670 4163 1701 4221 et
1717 4158 1747 4219 in
1762 4156 1904 4237 apologia
1920 4173 1951 4218 e·

174 4238 263 4319 fidei,
277 4241 503 4322 boclemplam
513 4243 583 4314 bet,
600 4238 664 4321 qaae
679 4240 796 4322 siquis
820 4256 890 4304 noc
902 4241 1043 4308 intrauc·
1083 4237 1221 4319 jusdem3
1237 4239 1309 4300 item
1326 4235 1466 4304 breulius
1482 4239 1514 4303 iu
1526 4239 1727 4304 contessionc
1755 4238 1954 4323 wirtember-

173 4323 229 4392 ΙΙΙ.
240 4324 291 4386 uel
307 4340 328 4385 c
343 4339 406 4404 qao
417 4326 447 4388 si
458 4327 531 4405 qais
549 4323 679 4399 emicuit,
704 4337 796 4402 cepe
815 4325 913 4397 oilae,
937 4342 976 4388 aa
991 4343 1043 4389 se·
1086 4321 1173 4397 gensi
1186 4320 1286 4399 capite
1301 4321 1340 4384 de
1354 4321 1520 4399 Ecclesia,
1544 4330 1576 4385 ct
1598 4321 1733 4387 loannes
1760 4322 1904 4385 Calvinus
1918 4321 1951 4386 in

176 4405 253 4466 lulis
278 4414 442 4475 ceremcc.
460 4408 589 4470 alienate
612 4411 668 4468 cst.
695 4405 760 4469 Sed
788 4411 898 4470 tantem
920 4409 1045 4488 singoli
1087 4403 1223 4470 lustitat.
1238 4402 1293 4465 lib.
1310 4403 1341 4468 l.
1358 4420 1427 4486 cap.
1444 4405 1474 4468 l.
1490 4403 1507 4486 Ι
1522 4405 1553 4468 s.
1572 4405 1624 4468 to.
1641 4411 1672 4468 el
1687 4405 1737 4468 ll.
1762 4397 1953 4467 centuriato-

175 4488 323 4568 polnqate
335 4488 573 4559 haereticoram
584 4493 691 4551 eoetm
700 4505 733 4552 se
741 4490 946 4568 potissimam
957 4491 1044 4556 citri-
1088 4501 1151 4559 res,
1168 4486 1254 4549 deut.
1280 4487 1311 4549 l.
1337 4486 1392 4549 lib.
1410 4489 1440 4551 l.
1457 4505 1524 4566 cap.
1546 4488 1577 4550 l.
1594 4490 1655 4550 col.
1680 4488 1750 4550 ill.
1778 4494 1808 4550 et
1831 4487 1902 4549 tlt.
1920 4491 1954 4548 ot

173 4569 309 4641 stiones,
324 4577 461 4636 clettam
482 4587 548 4636 esec
573 4571 770 4636 catholicam
794 4572 972 4637 Ecclesiam
984 4590 1044 4654 pa·
1088 4568 1175 4632 aeut.
1189 4569 1218 4631 l.
1231 4567 1286 4630 lib.
1302 4568 1666 4649 amplectandam.
1680 4569 1752 4634 aab.
1766 4578 1798 4652 et
1814 4569 1886 4632 eet.
1901 4569 1954 4650 his

175 4658 258 4719 iaol.
281 4653 388 4732 ltaque
403 4655 430 4717 si
446 4657 477 4716 ln
494 4655 771 4717 haccontrouersia
786 4655 1043 4730 conveniremus,
1089 4651 1209 4714 dnobus
1223 4652 1340 4714 addunt
1354 4653 1429 4715 alios
1443 4654 1532 4722 duos,
1548 4669 1627 4732 quac
1642 4658 1772 4732 possunt
1784 4651 1893 4714 reduci
1911 4655 1950 4714 ed
2027 4689 2028 4694 κ

173 4735 314 4816 reliquae
326 4752 436 4799 omues
451 4737 541 4801 laeile
556 4743 827 4814 componerentur.
857 4737 924 4801 Duo
952 4739 1044 4819 igitar
1087 4735 1236 4815 quintam,
1253 4740 1285 4795 et
1299 4735 1460 4813 septimam
1478 4736 1621 4802 bulberi.
1638 4737 1728 4810 idest,
1745 4735 1953 4800 cooslautiam
2027 4755 2028 4816 ς

175 4818 334 4882 trecmnda
349 4824 433 4883 sunl.
449 4820 549 4884 Primo
564 4819 732 4884 refellenda
744 4821 895 4884 sententia
910 4821 1042 4885 baereli·
1087 4816 1120 4878 io
1135 4815 1331 4880 couiesslone
1344 4816 1417 4879 ildei
1432 4863 1440 4892 ,
1456 4819 1522 4882 sire
1537 4819 1794 4896 perseuerantiam
1808 4837 1817 4898 3
1834 4824 1864 4880 et
1877 4819 1952 4880 obe·
2027 4817 2028 4836 ¹

176 4901 393 4982 corumbujus
409 4905 557 4983 temporis
579 4903 618 4967 de
643 4902 724 4966 uotis
751 4905 841 4966 acrae
870 4901 1042 4968 Ecclesiae.
1087 4899 1232 4962 dientiam
1248 4915 1319 4979 erga
1335 4899 1491 4965 ministros
1506 4901 1617 4978 verbi,
1643 4909 1794 4983 quatenus
1822 4901 1951 4970 terbum

176 4983 320 5048 Secundo
335 4986 516 5066 explicanda
527 4992 559 5052 et
570 4985 764 5050 defendenda
776 4984 927 5049 sententia
940 4989 1044 5052 calbo·
1088 4982 1430 5061 ipsumadministrant.
1520 5025 1535 5040 ..

177 5065 321 5132 lieorum.
1129 5063 1193 5127 llae
1205 5070 1295 5128 natm
1310 5082 1373 5129 noo
1387 5071 1459 5128 sunt
1469 5065 1534 5129 ullo
1550 5067 1641 5130 modo
1660 5065 1862 5131 subicientes.
1876 5066 1952 5130 liam

1088 5146 1120 5210 iu
1134 5147 1243 5227 primis
1258 5164 1320 5212 uon
1334 5148 1510 5224 declarant,
1527 5163 1607 5230 quae
1618 5149 1658 5212 sit
1668 5165 1738 5213 nera
1750 5148 1889 5214 Ecclesia
1900 5166 1952 5213 sc-

526 5231 700 5300 Ghl’lllll.
942 5289 943 5292 ,
1088 5230 1426 5306 candumbaereticos,
1443 5231 1500 5295 nisi
1531 5231 1750 5312 probabiliter3
1780 5248 1841 5295 uon
1868 5233 1954 5296 enim

611 5341 615 5346 ·
1076 5312 1162 5376 binc
1179 5313 1259 5377 scire
1275 5330 1451 5393 possumus,
1469 5314 1521 5396 qui
1542 5315 1606 5398 sint
1633 5315 1749 5389 electi,
1780 5315 1826 5378 rel
1845 5315 1921 5396 justi
1939 5363 1948 5390 ,

307 5397 473 5477 liesellittar
483 5401 644 5467 cameratio
658 5399 906 5464 baereticorum.
1086 5402 1116 5458 et
1129 5395 1233 5476 potius
1247 5395 1407 5473 discimus,
1424 5399 1477 5461 ubi
1493 5399 1584 5462 lateat
1598 5395 1749 5477 Ecclesia,
1766 5413 1857 5478 quem
1869 5413 1951 5478 quae

706 5509 708 5512 ·
810 5541 814 5550 ,
1086 5477 1138 5541 sil.
1157 5479 1330 5552 Praeterea,
1346 5495 1448 5558 neque
1463 5481 1523 5543 boc
1537 5479 1726 5546 sulllcieoter
1752 5481 1898 5546 declarat.
1915 5481 1952 5546 ld

215 5561 367 5640 Quantum
378 5563 417 5628 ad
432 5564 582 5644 primum,
599 5566 752 5631 lutherus
768 5564 799 5628 in
814 5564 894 5628 libro
909 5565 948 5630 de
962 5580 1036 5628 con·
1085 5563 1167 5642 quod
1187 5561 1226 5626 do
1243 5561 1373 5642 siugulis
1389 5562 1478 5639 facile
1493 5563 1616 5641 probari
1631 5568 1742 5643 potest.

58 5653 63 5664 ’
175 5645 255 5712 ciliis
266 5651 297 5712 et
307 5647 456 5728 Ecclesia,
472 5648 504 5714 iu
520 5650 625 5716 ultium
640 5657 726 5731 parte
740 5647 810 5714 libri
822 5647 965 5730 proponit
979 5639 1036 5712 has
1127 5643 1173 5708 hc
1188 5645 1320 5725 primam
1332 5645 1370 5709 de
1382 5646 1493 5728 prima,
1509 5644 1605 5710 tribus
1619 5647 1800 5712 rationibus.
1815 5645 1951 5712 Primum
