4098 6294
823 410 919 469 claun
939 399 1111 472 sisennus
1729 413 1785 470 titt

83 561 155 616 rum
169 545 344 616 silotrum.
359 547 580 614 minucianus
594 545 881 612 hettesnamont
893 546 944 608 ni·
987 545 1115 608 inhunc
1129 547 1244 621 locum,
1260 548 1465 630 Hieronymus
1488 551 1607 629 quaest.
1637 539 1668 610 d.
1698 547 1738 609 ad
1762 549 1851 628 Algae

4 653 7 660 ’
86 635 306 700 nttnooeranr
326 634 478 713 carptim,
493 649 553 698 nec
578 632 696 695 habent
718 630 808 692 ultra
827 643 945 691 merce-
990 627 1068 691 sium
1081 675 1090 704 ,
1104 628 1292 708 Augustinus
1319 633 1436 695 libii.
1453 634 1492 696 de
1505 633 1567 696 dir.
1583 631 1652 705 Dei,
1669 647 1738 709 capt
1754 631 1805 692 21.
1824 626 1856 698 el

87 719 173 782 dem.
189 716 393 795 Hieronymus
409 718 440 778 in
453 717 535 779 hunc
550 717 662 777 locum:
684 712 790 776 Dorcea
810 712 945 783 oleant,
990 709 1043 774 alii
1057 727 1165 775 omnes
1181 729 1236 791 per
1247 713 1471 794 depositionem
1484 734 1500 778 a
1513 717 1853 788 villicationepnortcm,

3 821 4 826 ¹
86 800 198 880 iuquit,
211 798 358 861 homines
371 803 507 880 possuntt
520 797 591 876 ficri
599 797 693 878 p'nsta',
718 799 790 874 post
812 799 948 856 mortem
990 799 1123 872 pernen
1140 811 1233 874 posse
1248 799 1380 878 amplius
1392 799 1602 874 rillicarmnon
1616 812 1710 878 posse
1721 795 1856 876 amplius

84 899 160 946 nero
180 881 276 946 netto
290 881 389 944 datar
413 879 491 943 bont
511 882 616 960 operis
637 879 774 942 occasio.
797 875 834 939 lit
848 875 946 956 intrat
991 877 1103 938 mereri
1120 884 1151 940 et
1164 879 1289 946 lucrari.

2 1001 8 1043 ι,
91 965 233 1029 Viventes
246 971 335 1026 metu
348 963 460 1026 mortis
472 968 609 1042 pmacnt
622 961 708 1026 hona
722 976 823 1039 opera
835 974 949 1038 perpe-¹
1033 957 1179 1026 Decimus
1204 969 1272 1035 cst,
1289 959 1382 1042 Apoe.
1399 961 1450 1026 to.
1466 963 1602 1044 Angelus
1629 961 1747 1024 habens
1762 975 1858 1023 uuum

2 1069 7 1130 y
86 1053 188 1122 trare,
204 1047 325 1110 mortni
336 1061 411 1108 cero
425 1045 510 1108 nibil
528 1045 638 1108 natent
663 1045 708 1107 ad
730 1044 768 1107 id
782 1040 947 1120 adjicere,
993 1043 1104 1120 pedem
1120 1059 1215 1123 super
1229 1062 1313 1110 mare
1336 1053 1368 1108 et
1381 1047 1507 1108 ultermn
1529 1053 1762 1124 superterram,
1777 1045 1860 1123 jurat

88 1131 180 1212 guod
192 1129 291 1193 semet
305 1144 415 1192 secam
429 1128 530 1192 tatere
545 1128 586 1191 de
599 1127 677 1190 crito.
700 1125 737 1188 Et
760 1127 860 1188 intra:
887 1121 949 1188 Nec
993 1135 1049 1202 per
1064 1124 1213 1190 uirentem
1234 1133 1265 1192 tn
1281 1129 1404 1192 saecula
1419 1129 1635 1204 soeculorum,
1652 1129 1721 1204 quia
1738 1133 1863 1204 tompus

78 1214 171 1292 truste
185 1214 306 1292 qnippe
318 1215 455 1291 possunt
469 1226 576 1288 agere,
588 1223 804 1289 necpeceoae
815 1207 950 1272 66666·-
992 1217 1056 1270 non
1070 1208 1128 1269 erit
1142 1211 1432 1289 amplius,uimirum
1448 1211 1528 1274 hene
1543 1211 1703 1290 operandi.
1720 1209 1861 1286 Deciano

88 1303 172 1359 tates
188 1295 344 1376 addicere,
359 1307 419 1356 nea
432 1293 524 1356 aritio.
995 1289 1170 1366 scripturae
1184 1294 1244 1357 hoc
1280 1296 1374 1357 assim
1390 1299 1585 1370 testantunet
1597 1309 1654 1356 nec
1666 1293 1728 1354 ulla
1743 1291 1864 1371 syllaba

132 1377 295 1441 Secundus
309 1375 437 1450 ibidem,
461 1375 503 1438 ait
525 1373 692 1452 Scripturas
721 1370 955 1452 Quodcumque
995 1373 1169 1437 intentetur
1182 1391 1238 1456 pro
1253 1313 1377 1440 fulbert
1390 1393 1506 1439 errore.
1805 1393 1807 1398 ·

3 1525 6 1546 ³
83 1465 190 1542 potest
203 1473 299 1537 agere
311 1473 433 1522 mennas
445 1463 515 1533 tato,
527 1461 687 1522 nntannr
709 1471 856 1535 operare,
870 1457 952 1534 qaia
1036 1453 1183 1520 Probatur
1198 1459 1341 1522 Secundo
1353 1475 1391 1521 es
1403 1460 1541 1522 Patribus
1552 1456 1721 1538 dyprianus
1733 1456 1862 1519 sarmit

88 1560 151 1608 nee
166 1558 257 1624 opas,
272 1556 334 1603 nee
345 1542 443 1610 catto,
459 1555 517 1604 noc
530 1539 706 1619 sapientia,
728 1538 951 1610 couscientia,
996 1539 1049 1617 qui
1065 1545 1113 1601 esf
1127 1541 1166 1602 de
1182 1543 1384 1614 mortalitate,
1401 1543 1441 1603 ad
1454 1543 1513 1604 hoc
1528 1542 1696 1618 plurimum
1711 1541 1864 1618 prodesse

87 1632 135 1689 est
148 1625 240 1704 opud
251 1623 385 1702 inferus,
402 1639 466 1704 qno
481 1630 517 1687 tu
530 1637 698 1703 properas.
711 1619 953 1699 Nonpossumns
997 1627 1125 1684 mortem
1141 1623 1236 1696 dieii,
1259 1632 1292 1686 ut
1317 1625 1513 1704 cripiamura
1537 1624 1684 1704 periculis
1700 1619 1862 1700 perreandia

89 1711 196 1773 diacre
212 1708 243 1769 in
256 1709 316 1768 elia
329 1706 387 1768 rita
404 1707 482 1768 nihil
503 1707 564 1786 agi,
581 1710 633 1768 aut
648 1704 733 1773 sciri,
757 1719 826 1766 curn
852 1703 953 1766 Lucae
997 1703 1074 1766 llum
1090 1703 1171 1767 enim
1187 1715 1295 1770 sumus
1309 1709 1341 1769 in
1354 1709 1411 1769 troc
1426 1707 1502 1782 rita,
1520 1707 1551 1767 in
1564 1704 1662 1768 stadio
1677 1719 1863 1784 pugnamus,

89 1790 143 1854 16.
160 1791 199 1853 66
213 1789 354 1868 Epulone
369 1789 520 1869 legamus,
537 1803 608 1850 eum
623 1793 655 1850 et
671 1785 786 1849 uidisse
808 1786 952 1850 bacarum
998 1803 1120 1866 pugnae
1145 1788 1238 1852 linem
1254 1790 1357 1852 obitus
1372 1788 1479 1852 allent:
1496 1805 1590 1870 quem
1603 1789 1707 1849 locum
1721 1785 1865 1864 Cypriani

87 1873 205 1937 insinu
220 1871 370 1942 Abrahae,
384 1879 415 1934 ot
429 1863 561 1950 primurm
575 1878 631 1950 pra
647 1869 810 1945 so,deinde
827 1885 881 1946 pro
897 1869 954 1929 fra·
998 1868 1156 1933 adducens
1181 1872 1370 1948 Augustinus
1385 1873 1441 1934 tlh.
1457 1874 1496 1934 de
1518 1871 1673 1951 praedesti
1690 1875 1869 1931 sanctorum

89 1957 190 2019 tribus
202 1969 296 2034 opere
309 1953 445 2016 diarchae
460 1953 686 2035 imploravissc3
704 1967 798 2028 guare
821 1952 956 2028 loquitur
1000 1968 1029 2014 c.
1046 1952 1382 2034 ll.inouit:His,atqnc
1393 1955 1582 2033 huiusmodi
1596 1955 1708 2015 doctor
1721 1953 1777 2015 itte
1791 1967 1863 2014 sen·

90 2041 132 2102 de
148 2053 244 2116 opere
259 2036 427 2112 meritorio,
444 2041 477 2099 ot
490 2034 839 2115 exponitHicronymos.
851 2033 957 2112 Neque
999 2037 1106 2098 tentiis
1119 2038 1158 2100 in
1171 2038 1349 2100 catholicoe
1362 2035 1440 2116 ridet
1455 2039 1525 2100 luce
1539 2036 1723 2105 clarissima
1740 2035 1820 2097 sotis
1832 2050 1869 2095 ar

88 2121 227 2200 loquitur
241 2119 279 2182 de
294 2118 413 2182 inferno
429 2118 588 2190 interiore,
601 2117 657 2181 sed
672 2116 710 2180 de
725 2116 846 2178 inferno
861 2117 891 2178 ic
904 2133 956 2194 ge·
997 2124 1150 2198 perteque
1163 2123 1299 2184 testatur
1311 2129 1416 2202 mune
1427 2122 1475 2184 ,od
1490 2119 1588 2198 taine
1611 2118 1755 2196 comante
1770 2117 1869 2196 depo·

90 2217 179 2278 nere,
196 2207 230 2266 ut
243 2201 455 2281 complectitur
466 2200 567 2264 omnia
582 2200 668 2269 loca,
684 2199 721 2262 ad
736 2215 815 2278 guae
829 2199 958 2261 descen·
1000 2199 1151 2264 ultionem
1188 2204 1347 2282 peccandi
1385 2203 1571 2283 pertento,
1611 2201 1872 2280 tentationesque

90 2285 208 2349 debant
219 2283 477 2347 omneshomiues
488 2282 677 2347 antechristi
687 2282 956 2358 resurrectionem,
1000 2285 1214 2357 commendas,
1241 2287 1392 2366 deinceps
1432 2286 1528 2348 nullu
1564 2283 1647 2346 totio
1671 2292 1874 2363 quemqnam

99 2374 135 2432 ut
149 2367 230 2430 idem
242 2366 447 2448 Hieronymus
462 2367 597 2445 exponit.
1005 2381 1072 2428 esse
1085 2381 1264 2444 passerum
1279 2415 1287 2441 ,
1300 2370 1389 2448 guod
1403 2371 1461 2431 etsi
1474 2384 1543 2431 non
1558 2371 1728 2428 testaretur
1742 2410 1750 2437 ,
1767 2379 1875 2444 quone

133 2449 253 2514 Tertius
265 2450 352 2512 loeus
367 2455 426 2524 est,
441 2442 658 2513 Hceles.ll.St
668 2445 819 2510 cauden
832 2445 960 2524 tignum
1002 2448 1045 2512 do
1060 2449 1101 2513 dc
1125 2450 1187 2514 bac
1211 2467 1250 2515 re
1276 2450 1473 2516 christianus
1502 2450 1751 2534 qualiscumque
1776 2445 1873 2509 dubl·-

89 2532 160 2596 sioe
184 2534 411 2606 eucnemon,
436 2533 502 2595 stne
526 2533 571 2595 ad
592 2529 959 2612 aquitonemmbicom·
1008 2529 1111 2595 toret?

90 2631 158 2696 quc
173 2615 342 2690 occiderit,
358 2614 406 2678 tba'
430 2615 500 2678 erit.
516 2613 721 2694 Hieronymus
750 2613 780 2674 in
804 2613 887 2675 hunc
915 2613 962 2674 lo·
1042 2615 1135 2690 dota,
1152 2614 1319 2679 bulherum
1345 2631 1406 2678 non
1424 2611 1644 2695 passecracuri
1665 2611 1870 2674 christianum

91 2715 191 2774 cum,
218 2705 250 2760 et
269 2698 440 2760 bernardus
461 2712 554 2760 serm.
577 2695 629 2760 itt.
653 2713 692 2760 en
716 2695 842 2774 parnis,
865 2710 958 2774 expo·
1000 2697 1269 2778 qualemcumque,
1286 2715 1324 2761 ex
1337 2699 1490 2761 sententio
1506 2695 1686 2778 Augustini,
1703 2694 1758 2756 sed
1776 2694 1870 2770 plane

94 2786 178 2843 nunt
198 2780 237 2842 de
264 2779 509 2843 immutabilitate
531 2781 650 2842 animae
666 2784 736 2858 post
762 2777 843 2840 banc
869 2777 960 2840 ritum
1003 2781 1159 2842 ethnicum
1175 2827 1182 2853 ,
1199 2797 1269 2844 cum
1289 2782 1328 2844 de
1343 2797 1377 2844 re
1392 2782 1511 2844 dubitet
1526 2827 1534 2851 ,
1551 2781 1590 2842 de
1604 2795 1662 2858 qua
1679 2777 1754 2838 dicit
1767 2777 1882 2856 Augu-⁴

93 2879 178 2944 quae
194 2878 255 2926 nan
271 2867 374 2942 potest
387 2863 425 2926 de
440 2861 521 2924 bona
536 2861 604 2926 lieri
616 2861 693 2924 mala
710 2907 718 2937 ,
736 2875 795 2923 nec
817 2860 899 2944 bona
921 2860 962 2922 da
1003 2862 1125 2934 stinus,
1142 2864 1261 2926 nullum
1276 2865 1477 2928 christianum
1508 2861 1649 2924 dubitare
1664 2874 1768 2936 posse.
1785 2859 1874 2926 ldeut

91 2945 190 3008 mala.
1004 2944 1198 3024 Augustinus
1213 2949 1244 3008 in
1259 2947 1379 3010 enchir.
1396 2963 1465 3026 cap.
1483 2945 1554 3007 llll.
1574 2943 1743 3020 (bauaima,
1759 2943 1873 3022 inquit,

3 3085 4 3104 ,
137 3017 961 3102 66666666,1166166.11.,16166666666666ἦ
1003 3026 1055 3090 late
1070 3045 1164 3092 omrre
1186 3029 1340 3094 meritum
1354 3035 1668 3107 comparatumque
1686 3023 1788 3104 possit
1798 3021 1873 3103 post

3 3109 8 3158 t
89 3108 397 3190 perorey'astttiam,
413 3111 576 3190 getanae
596 3113 642 3172 est
656 3109 749 3190 opud
772 3108 896 3187 inferos
909 3109 959 3172 tn·
1003 3109 1088 3174 hanc
1100 3113 1358 3176 nitomreteoori
1371 3112 1536 3191 cumptum
1549 3113 1601 3173 oet
1613 3108 1870 3187 graourtrnemu

93 3193 208 3256 nemra
223 3190 342 3255 666666.
1003 3199 1112 3256 cutem
1126 3209 1158 3256 se
1172 3201 1290 3273 speret,
1307 3196 1397 3275 gaad
1411 3195 1464 3257 bic
1475 3193 1678 3273 neglemerit,
1695 3205 1771 3254 cnm
1786 3190 1872 3254 obr'ee

137 3274 267 3350 Quintus
291 3280 361 3346 est,
391 3273 514 3338 llecles.
546 3272 596 3336 16.
625 3273 833 3336 deccrooris
853 3287 959 3353 tuque
1002 3276 1275 3354 ritapudltettnt
1286 3278 1482 3356 promereri.
1528 3308 1530 3312 ·

95 3357 143 3420 66
169 3355 500 3438 mortemg'aetiyieort.
516 3355 617 3434 Quare
642 3371 741 3434 usque
756 3355 794 3418 ad
809 3362 936 3419 mortem
951 3376 960 3435 3
1044 3357 1283 3438 chrysostomus
1303 3361 1388 3424 horn.
1404 3361 1435 3422 2.-
1452 3360 1491 3421 de
1504 3359 1616 3420 butaro
1641 3356 1734 3418 multa
1751 3355 1824 3417 dicit
1841 3356 1872 3418 in

93 3439 157 3502 nisi
172 3439 243 3521 quia
258 3447 472 3518 postmortem
494 3456 555 3502 non
572 3439 630 3501 erit
645 3437 777 3516 amplius
791 3445 925 3517 tempus.
1003 3441 1084 3504 hana
1099 3443 1300 3517 sententiam,
1317 3450 1348 3505 et
1363 3444 1445 3505 horn.
1463 3430 1514 3505 tr.
1531 3444 1563 3504 in
1578 3440 1681 3500 llafth.
1699 3438 1867 3510 Praesens,

135 3521 258 3593 Sextus,
276 3521 364 3584 toan.
378 3521 410 3584 u.
428 3523 608 3596 Venitnom,
622 3523 662 3586 tn
672 3537 740 3601 aaa
750 3536 846 3584 nemo
859 3521 962 3600 pateat
1004 3523 1116 3604 inquit,
1133 3524 1212 3586 boec
1225 3525 1294 3588 mro
1308 3523 1376 3588 tam
1388 3531 1473 3588 recte
1488 3571 1495 3597 ,
1511 3538 1611 3603 66666
1626 3527 1742 3584 cantra
1754 3522 1813 3583 tihi
1825 3523 1871 3585 oi-

93 3604 237 3684 operart.
255 3604 404 3682 Origenes
426 3605 540 3685 psalm.
563 3603 613 3667 36.
631 3603 878 3684 chrysostomus,
901 3603 961 3666 Au·
1004 3608 1105 3670 cendi
1128 3606 1241 3670 aethan
1263 3613 1476 3688 potestatem
1494 3612 1668 3685 postquam
1691 3613 1768 3666 oraro
1784 3606 1876 3667 atem

93 3686 251 3768 gustiuus,
271 3687 452 3767 bntnymins
468 3695 500 3750 ct
510 3687 758 3767 theophylactus
771 3686 803 3748 in
819 3687 902 3750 hune
917 3686 961 3748 loa
1005 3692 1101 3750 6666
1125 3688 1265 3764 cotom,
1285 3692 1454 3768 y'ndtetttm
1468 3695 1498 3752 et
1520 3703 1630 3767 poena
1644 3692 1870 3766 consequetur.

3 3819 7 3846 ,
94 3785 179 3844 curu,
196 3767 401 3848 Hieronymus
413 3770 444 3832 in
457 3787 487 3834 e.
503 3769 534 3832 9.
551 3769 709 3832 Ecclesot
723 3769 888 3848 Gregorius
903 3767 960 3832 lib.
1007 3769 1211 3851 Hieronymus
1227 3773 1258 3834 in
1273 3788 1341 3852 cap.
1357 3773 1389 3834 9.
1406 3773 1527 3835 llocles.
1542 3771 1670 3841 tlon-fui,
1688 3769 1797 3846 inquit.
1813 3778 1877 3832 noe

3 3849 8 3874 '
94 3853 128 3915 t.
141 3851 256 3932 dialog.
270 3869 339 3930 cap.
355 3851 407 3915 tt.
424 3859 582 3931 exponunt
596 3867 716 3916 summo
731 3867 888 3914 consensu
903 3867 960 3930 per
1000 3853 1089 3934 jaste
1101 3855 1235 3932 possunt
1249 3867 1422 3934 operemur
1433 3869 1579 3934 peccare.
1592 3852 1803 3914 Damascecus
1816 3853 1871 3914 lib.

93 3938 233 4008 noctem,
254 3939 378 4014 tompus
393 3936 521 3998 alterius
534 3936 627 4008 ritae,
639 3951 695 4014 per
709 3935 841 4013 operari,
857 3933 959 3998 lacero
1005 3936 1037 4000 2.
1055 3935 1093 3998 de
1108 3937 1170 3999 tide
1185 3939 1353 4001 orthodoxa
1379 3955 1448 4018 cap.
1464 3936 1495 3998 t.
1512 3937 1604 4016 Quod
1618 3943 1663 3998 est
1677 3935 1804 4012 angelis
1818 3947 1872 3998 oo-

93 4017 552 4098 operameritoriasignillcari.
1003 4007 1177 4094 6666666
1191 4011 1377 4084 marcoten
1391 4030 1491 4084 neme.

2 4161 8 4186 ι
136 4099 293 4180 Septimus
308 4105 366 4173 est,
379 4099 410 4162 2.
428 4099 567 4163 Corinth.
581 4099 613 4162 5.
633 4097 746 4162 Omnes
769 4113 830 4162 noe
854 4099 961 4162 mant·
1019 4101 1148 4164 ‘lertio
1175 4097 1876 4179 probaturratione:lluantherisententin

2 4188 5 4204 ⁴
95 4182 212 4262 testari
228 4187 350 4260 oportet
362 4189 437 4246 autc
452 4181 600 4246 tribuual
622 4181 758 4255 Christi,
784 4187 821 4245 nt
841 4181 961 4260 referat
1005 4197 1112 4246 secum
1128 4185 1195 4263 ipsc
1210 4191 1338 4266 pugnata
1353 4186 1429 4248 dicit
1442 4184 1526 4251 enirn
1538 4183 1690 4244 lutherus
1705 4182 1824 4242 anianns
1839 4184 1873 4242 it·

3 4313 5 4320 ,
94 4265 325 4343 unrugm’sque
336 4265 477 4345 proprio
497 4266 640 4344 corporis
654 4311 662 4338 ,
678 4265 763 4328 nictu
775 4265 882 4342 gessit.
895 4264 961 4327 eloe
1005 4266 1050 4328 las
1065 4267 1193 4338 dehere,
1210 4273 1241 4330 et
1255 4285 1347 4347 posse
1362 4267 1488 4336 mereri.
1504 4267 1574 4345 guia
1589 4263 1788 4342 imperfectae
1801 4267 1876 4328 sunt

4 4399 5 4402 ,
95 4347 230 4418 honum,
244 4349 312 4410 stne
324 4347 461 4412 malam.
478 4347 575 4426 Quem
597 4349 700 4416 locum
727 4363 887 4426 exponens
901 4347 963 4409 Am
1005 4348 1036 4410 in
1052 4348 1211 4422 charitate,
1230 4358 1262 4412 ut
1277 4351 1420 4415 nimirum
1435 4364 1492 4430 per
1505 4363 1582 4411 nora
1595 4347 1700 4409 rncrita
1713 4353 1871 4424 iungentur,

94 4435 240 4511 gustinus
268 4429 302 4492 ln
317 4430 373 4492 lib.
400 4431 439 4494 de
464 4431 621 4509 praedest.
651 4435 828 4492 sanctarum
852 4446 881 4491 c.
908 4430 959 4492 ¹2.
1005 4439 1036 4494 ot
1051 4430 1226 4510 perficiatur
1241 4434 1462 4512 eharitaslpso
1477 4430 1873 4501 idemdicltanimnsillus,

94 4518 203 4577 monet
214 4513 335 4590 propria
361 4515 497 4593 corporis
518 4529 581 4576 non
608 4514 710 4576 uocari
738 4526 831 4590 opera
853 4527 961 4590 corpa-
1005 4516 1076 4592 ooia
1091 4516 1290 4593 imperfectae
1306 4524 1389 4589 sunt,
1405 4516 1514 4578 timere
1531 4525 1670 4594 poenite,
1688 4518 1718 4572 et
1735 4514 1874 4574 tinrcndo

96 4595 194 4669 ralia,
211 4593 299 4675 quasi
321 4596 490 4675 spiritualia
508 4594 677 4675 judicanda
704 4609 766 4658 nan
793 4595 879 4668 sint,
906 4596 962 4656 sed
1005 4611 1157 4676 peceare,
1174 4604 1205 4660 et
1230 4599 1299 4678 quia
1315 4615 1441 4678 sornper
1463 4599 1574 4660 timent
1587 4595 1660 4658 dom
1675 4594 1875 4673 imperiumne

2 4745 9 4771 ι
96 4678 201 4741 uocari
226 4677 328 4741 omnia
351 4694 445 4757 opera
460 4723 468 4754 ,
486 4693 565 4758 quoe
591 4677 669 4742 flunt
696 4678 768 4739 dum
795 4693 904 4740 sumus
929 4677 961 4740 in
1005 4687 1088 4751 sunt,
1106 4681 1236 4758 proinde
1251 4683 1342 4744 etiarn
1358 4697 1484 4761 semper
1498 4695 1627 4760 peecmc
1642 4679 1715 4740 dunt
1732 4678 1876 4756 imperia⁴

3 4773 5 4788 ’
98 4775 230 4840 corpore
243 4779 254 4834 ·,
270 4760 340 4839 quia
367 4761 526 4840 posthanc
546 4760 641 4824 'ritum
658 4776 720 4824 non
732 4767 876 4837 superest
886 4765 963 4823 tem«
1006 4769 1072 4825 ctae
1088 4769 1173 4825 sunt.

98 4859 159 4924 pus
183 4843 331 4922 operandi
360 4845 415 4906 scd
443 4843 610 4924 praemium
638 4850 689 4906 aut
712 4856 829 4922 paenas
851 4843 960 4922 recipi·
1046 4845 1083 4907 At
1097 4846 1154 4907 ista
1171 4854 1310 4926 pugnant
1334 4846 1487 4924 intersc3
1504 4853 1575 4907 nam
1590 4843 1641 4922 orni
1665 4849 1772 4919 peccat
1788 4855 1880 4920 prae·-

100 4925 187 4990 endl.
742 4925 747 4932 ’
1005 4928 1112 4990 sertim
1128 4931 1317 5004 mortaliter,
1336 4947 1396 4992 non
1412 4935 1514 5009 potest
1528 4925 1641 4989 mereri
1655 4927 1729 4987 durn
1743 4932 1874 5002 peceati

141 5007 273 5070 Octavus
285 5014 348 5085 est,
366 5007 434 5070 Gai.
449 5008 480 5072 6.
499 5007 587 5085 Quae
610 5007 820 5074 seminaverit
842 5006 958 5078 boma,
1006 5011 1133 5074 Animae
1148 5020 1251 5076 autern
1266 5015 1338 5075 illue
1353 5027 1476 5091 semper
1497 5013 1650 5091 peccunt.
1667 5009 1742 5070 dum
1755 5015 1827 5068 sant
1843 5011 1877 5070 id

3 5079 11 5120 ³*
97 5091 179 5154 luceo
194 5095 223 5152 ct
232 5095 338 5153 metet.
360 5089 398 5152 lit
411 5091 500 5154 inira:
517 5091 768 5158 Bonnmaotem
780 5089 881 5168 tactos
892 5107 962 5154 nan
1005 5096 1204 5172 purgatorio.
1232 5095 1303 5176 goin
1329 5111 1455 5172 semper
1478 5099 1551 5158 sunt
1565 5090 1784 5172 imperfectae,
1803 5101 1878 5168 crgo

98 5171 300 5251 deficiamus,
317 5177 456 5252 tempore
468 5175 625 5238 animone
636 5178 791 5238 metemus
806 5189 876 5236 non
886 5173 961 5250 dett·
1005 5185 1173 5255 numquam
1189 5181 1300 5242 mereri
1317 5178 1536 5258 possuntdum
1551 5181 1623 5237 sunt
1637 5174 1873 5250 intpurgatorio.

99 5257 233 5332 cientem
249 5270 325 5335 crgo
339 5257 418 5320 duam
432 5262 558 5338 tenpus
583 5257 762 5332 hebenus,
789 5271 963 5336 meremur·
1005 5257 1164 5323 Praeterea
1179 5264 1331 5336 secundo,
1348 5263 1420 5340 quio
1435 5261 1576 5337 sequitur
1596 5255 1790 5334 irupossibtle
1805 5265 1878 5318 esse

9 5357 11 5366 ¹
99 5339 234 5402 bonam.
250 5337 455 5419 Hieronymus
466 5339 498 5402 in
514 5342 596 5403 hunc
608 5341 710 5404 locum
722 5339 823 5410 docet,
839 5345 961 5416 tempus
1005 5341 1133 5404 libcrari.
1144 5345 1263 5408 animus
1279 5345 1319 5406 dc
1333 5345 1523 5430 purgatorim
1541 5355 1610 5402 narn
1626 5331 1752 5418 semper
1766 5353 1876 5416 pecca-

99 5423 251 5484 semontis
267 5437 329 5484 non
344 5423 560 5498 extendi,ultra
576 5424 656 5487 huna
672 5423 772 5496 citam,
789 5436 895 5484 serere
907 5438 959 5484 uu·
1005 5425 1093 5496 bunt,
1110 5425 1183 5488 dum
1199 5427 1362 5504 firnebunt3
1378 5437 1503 5503 semper
1517 5422 1680 5496 timebunt,
1694 5423 1770 5482 dunt
1785 5427 1883 5483 erunt·

99 5513 163 5567 tem
179 5519 251 5567 esse
265 5504 347 5566 bene
363 5507 496 5585 operari.
1006 5507 1216 5587 imperfectae,
1233 5525 1358 5590 semper
1373 5515 1463 5572 crunt
1477 5505 1693 5586 imperfectae,
1711 5505 1811 5566 donee
1826 5515 1876 5565 aer

10 5662 13 5670 Ι
144 5588 248 5650 llanus
262 5593 320 5663 est,
339 5587 436 5650 Auoac
452 5587 501 5650 16.
529 5588 637 5652 liedda
661 5586 824 5650 rationem
836 5587 958 5650 cillica·
1007 5591 1136 5654 cesserit
1150 5607 1227 5655 noro
1243 5593 1470 5655 charitosrnoru
1485 5589 1618 5652 charitas
1632 5596 1694 5650 nan
1710 5593 1812 5665 potest
1825 5605 1878 5648 oca

2 5678 7 5690 ‘¹
102 5671 201 5733 tionis
217 5675 305 5744 tace,
316 5669 389 5752 jam
404 5671 493 5734 cutm
503 5687 574 5736 non
584 5671 706 5750 poteris
721 5669 863 5750 amptius
876 5670 959 5734 otili·
1006 5673 1119 5738 cedere
1134 5675 1194 5738 uisi
1210 5691 1265 5754 per
1280 5669 1876 5752 66666666666661666666666661

103 5769 180 5817 aare
196 5751 432 5832 etelirponont
453 5753 633 5818 Ambrosius
658 5759 689 5817 et
712 5751 960 5836 uneopuynnos
1007 5758 1254 5838 peccantyigitur
1270 5773 1435 5840 numquam
1453 5756 1678 5826 liberabuntur.
1801 5794 1807 5804 -

178 5853 346 5914 Humerus.
364 5850 427 5908 val.
442 5849 476 5908 tt.
1197 5899 1200 5906 .
1556 5856 1589 5912 tu
