4056 6302
262 361 299 418 6ss
827 363 868 420 ub*
888 363 1115 422 CONCllellUlll
1135 363 1364 424 eberottmmtc

183 493 235 572 «lo,
251 496 306 560 scd
324 497 375 574 ait;
391 497 538 578 llcpnurn
550 506 660 562 macor
673 515 743 561 non
757 503 805 561 cal
825 500 864 562 de
879 499 937 560 boc
951 513 1047 560 anuo·
1091 498 1183 559 litatis
1196 497 1311 578 aliquid
1326 495 1485 578 potestatis
1498 498 1648 570 tribuerit,
1664 513 1815 577 nusquam
1828 499 1958 578 lenitum

183 581 248 656 d03
271 580 363 645 idest.
377 589 425 640 cst
439 581 564 657 quidem
575 583 605 644 io
623 584 681 642 buc
697 583 890 648 mendosae
921 597 981 642 non
999 587 1047 642 εει
1090 581 1184 644 immo
1199 597 1217 643 e
1232 585 1382 647 contrario
1394 582 1546 660 legimus,
1564 581 1697 662 praecipi
1713 583 1859 664 populis,
1878 589 1913 646 ut
1924 599 1959 643 o-

184 664 244 723 tate
266 679 407 740 regnum,
425 663 516 740 quale
530 670 562 747 tu
581 673 680 742 putas.
695 665 785 742 quade
800 669 848 726 est
875 663 1005 726 llcrodis
1017 672 1048 725 et
1090 663 1229 738 badium,
1246 670 1277 726 ει
1291 664 1470 735 subiaceant
1485 664 1659 742 pastoribus
1673 667 1750 741 suis,
1780 665 1878 728 ltebr.
1901 665 1957 726 ta.

184 745 331 806 similium
347 761 466 824 regum.
481 745 632 826 lienique,
660 747 813 826 Scriptura
830 747 945 824 passim
962 754 1048 808 rooat
1092 753 1122 808 et
1136 745 1221 808 alibi.
1234 746 1320 821 Quod
1333 749 1359 809 si
1372 747 1531 810 Ecclesiae
1547 748 1734 810 universitati
1748 765 1808 810 non
1823 751 1871 809 εει
1886 748 1958 808 data

184 827 338 890 Christum
355 836 506 908 regem,et
521 828 691 891 Ecclesiam
707 846 835 907 regnum
852 830 971 910 eiusce
986 845 1048 908 quo
1091 831 1151 892 ulla
1167 828 1340 902 auctoritas,
1358 845 1431 910 ergo
1443 847 1546 910 neque
1559 831 1690 891 coneilio
1712 831 1863 908 generali,
1880 848 1958 908 qua·

182 910 333 990 sequitur,
350 918 383 972 ut
412 911 450 973 ab
480 927 540 972 uno
563 913 628 991 regi
656 911 791 984 debeat,
823 929 882 976 non
912 912 1047 974 amultis
1091 919 1182 974 tenus
1197 911 1366 974 Ecclesiam
1378 913 1582 975 universalem
1595 917 1817 989 repraesentat.
1831 913 1911 992 Ergo
1925 914 1958 973 in

185 993 251 1071 ipsa
267 993 417 1069 Ecclesia,
434 993 692 1072 quemadmodum
713 995 922 1076 gubernantur
945 996 1047 1058 omniu
1093 994 1225 1058 coneilio
1238 1009 1300 1056 non
1315 1000 1363 1056 εει
1376 994 1539 1057 εεειεειιεε
1552 1011 1670 1056 summa
1688 1042 1695 1070 ,
1720 996 1786 1058 sire
1811 997 1955 1075 papalis,

184 1091 291 1156 regna.
560 1141 563 1146 ,
1091 1077 1147 1140 εεε
1161 1083 1276 1138 tantum
1290 1078 1488 1156 episcopalis,
1504 1094 1559 1141 εεε
1575 1078 1958 1157 archiepiscopalis,prout

228 1159 314 1231 Quod
331 1165 431 1220 alutem
453 1174 514 1219 non
536 1160 576 1222 sit
590 1160 763 1240 suppletire
792 1160 867 1224 baec
881 1161 1048 1222 auotoritas
1091 1166 1162 1223 surrt
1176 1175 1338 1236 personae,
1351 1175 1428 1239 quae
1441 1159 1482 1222 ibi
1498 1159 1856 1240 conveniuntslquioem
1869 1177 1956 1224 sum·

185 1241 215 1303 in
230 1241 382 1311 Ecclesia,
400 1241 574 1304 ostenditur
585 1242 641 1304 hae
657 1244 786 1304 ratione.
804 1243 865 1304 tlon
884 1243 977 1304 babet
991 1242 1048 1306 Ec·
1093 1259 1152 1317 ma,
1169 1257 1225 1305 seu
1241 1242 1357 1320 papalis
1372 1245 1535 1304 auctoritas
1550 1259 1610 1304 non
1627 1244 1750 1320 ponitur
1771 1243 1803 1304 in
1818 1244 1956 1306 concilio

182 1324 276 1385 alesia
292 1324 371 1383 launo
386 1325 625 1386 auctoritatema
641 1326 755 1404 seipso,
770 1339 827 1386 neo
849 1324 888 1388 ab
904 1325 976 1401 alio;
990 1325 1047 1404 igi·
1090 1325 1129 1386 ab
1144 1323 1336 1394 aduersariis,
1350 1325 1409 1386 nisi
1422 1332 1574 1404 quatenus
1586 1326 1750 1388 concilium
1762 1328 1841 1406 gerit
1855 1329 1957 1388 ricem

170 1415 231 1466 'tur
244 1407 328 1466 nullo
340 1405 434 1466 modo
450 1406 552 1468 babet.
568 1406 653 1480 Quod
669 1409 801 1488 aseipsa
832 1423 891 1468 nun
909 1408 1045 1480 babeat,
1091 1407 1248 1468 Ecclesiae
1277 1406 1455 1468 uniuersae.
1481 1407 1514 1469 Si
1531 1423 1603 1484 ergo
1620 1407 1756 1472 Ecclesia
1782 1411 1926 1470 universa
1945 1455 1953 1482 ,

182 1487 342 1548 nunnituste
356 1488 655 1565 probatdlscrimen,
671 1492 752 1570 quod
767 1489 1044 1569 estintcrregnum
1092 1489 1215 1552 secluso
1230 1505 1318 1568 papa,
1346 1505 1407 1552 non
1434 1489 1526 1552 babet
1549 1493 1689 1569 papalem
1715 1492 1953 1566 auctoritatem„

181 1568 292 1633 Cbristi
315 1576 345 1631 et
366 1577 594 1649 ragnacaetera
613 1589 622 1650 3
639 1589 698 1634 non
716 1575 799 1636 enim
829 1579 876 1636 est
904 1571 1044 1636 Ecclesia
1091 1588 1164 1646 erpo
1180 1571 1563 1636 inultorninusooncilium
1580 1574 1681 1638 babet.

181 1653 241 1714 tale
256 1667 399 1731 rognum,
410 1653 517 1730 ‘qualia
533 1661 606 1716 sunt
630 1671 726 1736 regna
751 1655 846 1736 bujus
872 1657 997 1727 mundi,
1014 1657 1044 1715 in
1132 1653 1277 1716 Probatur
1291 1653 1528 1718 secundo:.Nam
1540 1657 1566 1718 si
1580 1655 1743 1717 concilium
1755 1657 1901 1734 generale
1913 1657 1956 1717 si-

181 1735 295 1814 quibus
311 1751 429 1796 summa
443 1742 580 1814 potestas
595 1746 642 1800 est
657 1739 688 1799 in
703 1755 791 1818 rege,
807 1739 861 1800 sed
884 1755 900 1799 a
926 1739 1043 1818 populo
1092 1753 1130 1797 ne
1145 1752 1277 1816 persona
1294 1753 1390 1816 papae
1415 1739 1542 1800 baberet
1570 1740 1709 1818 papalem
1736 1739 1953 1800 auraturitatem

180 1817 317 1896 prolaeta
334 1827 364 1879 et
392 1817 584 1893 derivata-et
596 1821 726 1899 proinde
741 1821 913 1884 radicaliter
928 1827 959 1883 et
972 1838 1042 1896 sup·
1089 1818 1264 1894 formaliter,
1282 1821 1328 1882 uel
1344 1819 1529 1900 suppreme,
1547 1838 1609 1882 non
1625 1822 1778 1897 indigeret
1789 1821 1954 1882 contrua-

180 1901 295 1977 ptetive
307 1900 414 1962 eadem
433 1908 567 1980 potestas
584 1911 631 1967 est
646 1905 677 1965 io
693 1921 800 1982 regno.
814 1904 885 1966 llam
903 1905 932 1963 in
949 1919 1044 1983 regno
1092 1902 1297 1982 tionepapae.
1311 1902 1345 1965 ld
1361 1909 1461 1964 nutem
1474 1910 1522 1966 est
1534 1904 1655 1966 laisum.
1687 1903 1812 1966 Constat
1826 1904 1908 1965 enirn
1926 1919 1960 1964 o·

181 1982 295 2045 Christi
318 1999 438 2046 summo
454 1992 590 2063 potestas
606 1993 652 2048 εει
667 1988 698 2048 in
715 1986 851 2055 Christo,
866 1992 896 2047 et
909 2003 968 2047 non
991 1988 1044 2048 de·
1091 1984 1171 2045 maio
1186 1985 1350 2064 generalia
1365 1984 1498 2058 eoncilia
1519 1987 1667 2050 catholica
1688 1986 1956 2049 conilrmetionem

182 2068 274 2127 rlruta
290 2066 352 2127 ullo
369 2068 459 2128 modo
475 2085 490 2128 a
508 2071 633 2148 populo.
657 2071 691 2131 ln
719 2069 823 2150 regnis
849 2069 931 2129 enirn
948 2068 1045 2129 borni·
1090 2067 1228 2146 petiisse.

180 2166 266 2213 num.
281 2155 417 2227 potestas
433 2150 515 2229 regis
531 2157 608 2216 esta
626 2148 752 2232 populo,
769 2153 838 2230 quia
857 2151 989 2229 populos
1005 2151 1045 2212 la·
1120 2149 1242 2212 ›Tertiot
1257 2148 1425 2213 Concilium
1441 2151 1511 2213 sine
1527 2167 1604 2232 popa
1619 2157 1720 2230 potest
1748 2166 1852 2214 errare
1864 2152 1960 2214 ctiam

181 2231 223 2294 cit
237 2247 356 2310 regem,
375 2235 427 2312 qui
443 2234 557 2312 alioqui
569 2244 655 2298 ‘esset
670 2236 760 2297 bomo
777 2233 910 2311 privatus
927 2280 935 2305 ,
965 2234 1046 2296 siout
1089 2231 1121 2292 in
1138 2231 1208 2294 fidei
1220 2231 1365 2310 decretis,
1382 2239 1416 2296 ut
1430 2240 1513 2311 patet
1528 2236 1560 2296 iu
1575 2234 1708 2297 concilio
1720 2233 1891 2304 sirmiensi,
1909 2233 1961 2296 cui

181 2315 309 2389 caeteri3
322 2331 430 2376 ornnes
446 2316 530 2378 enim
547 2319 688 2380 lromines
716 2317 891 2378 naturaliter
912 2326 985 2377 sunt
1010 2317 1045 2378 li·
1093 2314 1414 2393 subscripsitllosius;
1427 2315 1501 2378 item
1523 2317 1760 2388 mediolanensi,
1776 2319 1960 2388 arminensi,

179 2397 247 2460 beri
277 2402 307 2457 et
321 2399 477 2474 aequales,
495 2415 553 2461 nec
568 2407 674 2476 posset
698 2417 779 2462 unus
806 2401 937 2461 caeteris
949 2399 1045 2477 impe·
1091 2395 1241 2476 epiresino
1258 2396 1296 2459 ll.
1312 2399 1643 2476 constantinopolitano
1658 2400 1717 2462 sub
1728 2399 1902 2462 lustininno
1919 2398 1960 2462 ll.

179 2495 259 2551 rare,
277 2479 337 2540 nisi
353 2480 395 2540 illi
412 2495 447 2542 εε
462 2480 490 2542 ei
506 2482 708 2558 subjicerent,
735 2489 766 2545 et
792 2497 886 2561 super
911 2497 946 2544 se
961 2488 1046 2560 pote·
1093 2480 1423 2558 constantinopolitano
1435 2481 1494 2543 sub
1510 2483 1613 2546 Leone
1635 2483 1753 2552 Isauro,
1778 2489 1808 2545 ct
1823 2481 1884 2544 alio
1900 2482 1961 2545 sub

179 2569 290 2624 statem
306 2561 336 2622 ci
351 2563 580 2633 concederem.
972 2599 974 2606 ,
1092 2563 1286 2624 corrstontino
1299 2562 1503 2643 Cupronpmo.
1535 2565 1571 2627 dt
1595 2565 1760 2628 concilium
1789 2581 1861 2629 cum
1879 2581 1960 2644 pape

219 2645 258 2707 ar
270 2643 409 2706 cbristus
424 2651 472 2707 εει
485 2647 568 2708 Ιιεεε
584 2654 614 2709 ει
629 2647 766 2719 bumont
781 2652 934 2726 quotanus
949 2645 1043 2716 Deus,
1091 2659 1151 2706 non
1168 2651 1269 2722 potest
1284 2661 1475 2726 errare2ergo
1490 2663 1550 2710 non
1564 2654 1665 2725 potest
1680 2647 1749 2710 sina
1762 2665 1839 2726 popa
1856 2650 1960 2710 omnia

180 2733 228 2788 est
243 2727 420 2789 naturaliter
434 2727 594 2800 Dominus,
612 2736 642 2791 ct
657 2745 708 2792 rex
731 2729 867 2792 omnium
893 2735 1044 2793 creatora
1091 2727 1154 2800 illo,
1170 2743 1250 2805 quae
1262 2734 1362 2806 potest
1377 2745 1446 2790 curn
1463 2727 1661 2810 papalleque
1674 2737 1775 2807 potest
1786 2729 1961 2810 responde·

179 2825 259 2886 rum3
276 2816 428 2886 quatenus
442 2811 532 2872 lrorno
548 2813 640 2874 babet
666 2813 757 2874 alteo
770 2806 893 2878 onlnem
910 2817 1042 2889 potesta·
1091 2811 1128 2881 ri,
1146 2825 1266 2871 errasse
1279 2811 1331 2872 illa
1343 2811 1486 2883 concilia,
1500 2811 1582 2891 quod
1598 2823 1661 2876 non
1677 2812 1793 2874 luerint
1808 2813 1960 2888 legitima,

178 2900 253 2965 tem,
267 2908 325 2953 εεε
337 2893 404 2968 ipso
421 2893 459 2953 ab
474 2893 611 2956 Ecclesia
628 2896 725 2956 lactus
749 2902 885 2967 astrea,
903 2894 958 2956 sed
979 2894 1046 2971 ipse
1093 2909 1160 2954 narn
1176 2893 1331 2970 plerisque
1347 2893 1423 2954 nihil
1439 2894 1612 2965 deluil,nisi
1627 2895 1783 2972 pontilicis
1795 2911 1959 2958 assensus.

180 2976 284 3053 polius
298 2974 371 3036 lecit
387 2974 556 3039 Ecclesiam
569 2992 640 3041 esso
655 2993 744 3038 suum
759 2993 900 3056 regnum.
917 2975 1044 3054 spera.
1092 2973 1189 3036 immo
1204 2975 1394 3052 ephesinum·
1405 2975 1504 3037 ll.tuit
1517 2979 1646 3040 omnino
1660 2979 1762 3039 similo
1773 2978 1959 3054 basileensi,

179 3055 297 3120 Fecisti
307 3071 366 3119 nos
378 3059 441 3120 ilco
452 3065 562 3121 nostro
575 3075 724 3138 repausa.
741 3059 819 3120 llino
835 3066 892 3126 εει,
917 3061 998 3138 quod
1015 3061 1045 3118 in
1092 3065 1255 3136 utrumque
1270 3058 1351 3120 enim
1366 3058 1422 3120 luit
1433 3058 1612 3122 indictuma
1629 3060 1795 3139 pontillce,
1821 3061 1857 3122 in
1878 3068 1960 3122 artro-

181 3139 349 3218 Scriptura,
366 3155 495 3218 regnum
512 3140 634 3215 Clrristi,
652 3143 734 3222 quod
751 3149 798 3204 est
826 3142 977 3203 Ecclesia.
1005 3156 1045 3202 ne
1093 3155 1154 3218 εεε
1168 3139 1264 3200 adluit
1278 3140 1396 3219 legatus
1411 3141 1566 3220 pontilicis
1581 3143 1661 3206 circa
1678 3143 1810 3217 initium,
1824 3144 1863 3206 ab
1878 3150 1962 3206 utro·

179 3227 338 3297 putaretur
352 3223 423 3285 tate.
440 3223 541 3302 qualia
556 3231 629 3286 sunt
643 3231 780 3297 ertatem,
797 3230 989 3300 comparatur
1001 3229 1043 3284 et·
1093 3237 1153 3301 que
1168 3222 1298 3284 recessit
1312 3223 1403 3300 paulo
1418 3229 1489 3302 post
1503 3227 1619 3303 legatos
1642 3225 1807 3304 pontilicis,
1821 3226 1853 3288 in
1874 3232 1960 3288 utro·

179 3302 398 3379 iamlamiliae,
415 3303 518 3368 llattb.
534 3306 585 3367 bl.
611 3305 688 3382 Quis
710 3313 755 3369 εει
767 3305 872 3384 [idolis
883 3321 1004 3380 seruus,
1018 3311 1048 3366 ει
1092 3319 1153 3382 εεε
1167 3303 1224 3365 ιειι
1238 3304 1374 3382 pontttex
1389 3309 1685 3382 excommunicatus,
1702 3324 1781 3388 quae
1793 3305 1899 3371 omnia
1922 3311 1962 3370 de

176 3387 448 3466 permanendam
473 3390 637 3456 constituit
659 3389 814 3452 Dominus
834 3404 933 3466 super
954 3388 1047 3463 forni-
1093 3386 1259 3448 basileensi
1276 3392 1382 3463 patent
1396 3405 1433 3451 ex
1448 3389 1545 3466 pestis
1566 3391 1634 3468 ejus
1651 3391 1695 3452 ⁴ab
1720 3392 1824 3455 denae
1852 3391 1957 3470 Sylrio

179 3470 377 3531 liomsuom.
395 3469 431 3530 Et
444 3469 537 3532 Hebr.
552 3471 582 3532 3.
601 3471 720 3553 lloyses
744 3478 809 3532 erat
822 3470 924 3532 fidelis
940 3470 972 3532 in
987 3475 1046 3532 tola
1093 3469 1265 3550 descriptis.
1282 3469 1326 3530 lle
1348 3471 1499 3549 ephesino
1514 3479 1615 3534 autem
1632 3477 1762 3552 patalen
1775 3475 1867 3553 epist.
1881 3473 1959 3535 Leo-

180 3552 272 3613 domo
288 3550 342 3613 Dei
357 3558 509 3630 tamquam
525 3570 644 3624 seruus,
662 3554 801 3617 Christus
816 3561 917 3615 autam
933 3559 999 3614 erat
1013 3551 1047 3612 o·
1094 3553 1143 3634 nis
1159 3551 1208 3613 ta.
1227 3551 1277 3613 lb.
1292 3552 1493 3618 aestaset
1507 3571 1543 3620 ex
1558 3553 1691 3618 concilio
1703 3557 1960 3628 chalcedonensi,

180 3634 259 3696 dalis
283 3634 314 3694 in
337 3639 395 3695 tota
412 3635 503 3696 durno
517 3653 571 3698 soa
584 3644 736 3715 tamquam
749 3637 908 3698 [lominus.
925 3636 1049 3698 Constat
1092 3640 1151 3696 ant.
1165 3633 1195 3695 3.
1208 3641 1239 3696 ει
1250 3634 1455 3702 nibilominus.
1463 3651 1584 3700 errasse
1597 3640 1762 3701 concilium
1775 3640 1961 3718 ephesinum

179 3717 261 3778 enim
276 3717 526 3793 patremfamilias
555 3735 614 3780 non
645 3719 759 3781 babere
785 3737 800 3781 a
828 3718 937 3779 tamilla
954 3717 1047 3779 ullam
1093 3717 1257 3778 adversarii
1272 3733 1459 3797 negarenon
1474 3729 1632 3797 possunt..

180 3801 404 3866 auctoritatem.
421 3800 476 3862 sed
493 3816 530 3861 ex
555 3816 601 3874 εες
618 3802 695 3880 quia
712 3802 867 3878 nonipsc
893 3817 908 3861 a
935 3800 1047 3862 lurnilia
1089 3835 1097 3850 -
1137 3799 1260 3870 Οεεειε,
1291 3801 1317 3862 si
1346 3801 1379 3862 in
1404 3802 1541 3882 Ecclesia
1571 3807 1656 3866 esset
1676 3819 1797 3866 summa
1825 3809 1964 3884 potestas

182 3881 380 3944 constituitur
395 3887 479 3961 pater
496 3930 504 3954 ,
523 3883 578 3944 sed
596 3885 663 3962 ipse
679 3884 751 3946 iacit
765 3885 825 3946 sibi
841 3884 988 3946 familiam
1003 3883 1046 3962 gi·
1094 3881 1314 3959 principaliter,
1331 3882 1361 3944 in
1378 3901 1454 3964 papa
1477 3885 1761 3958 instrumentaliter,
1791 3892 1824 3948 ut
1847 3887 1880 3948 in
1905 3889 1961 3948 mi-

180 3965 307 4042 gnendo
329 3963 421 4036 lilios,
436 3966 569 4028 emendo
585 3983 702 4029 servos.
716 3966 803 4028 Unde
820 3963 1046 4042 paterlamilias,
1093 3965 1192 4026 nistro
1208 3964 1377 4034 Ecclesiae,
1393 3972 1426 4028 ut
1442 3965 1500 4044 ipsi
1519 3967 1635 4036 dicont.
1649 3975 1833 4048 sequoretur
1848 3987 1960 4048 papam

180 4047 301 4108 etiamsi
319 4047 473 4125 pessimus
489 4049 540 4125 sit,
571 4065 736 4126 numquam
767 4055 907 4126 potesta
936 4049 1047 4110 familia
1093 4063 1153 4107 rann
1170 4063 1241 4108 esse
1257 4047 1468 4110 immediatum
1484 4048 1594 4112 Christi
1622 4052 1791 4123 ricarium,
1818 4055 1874 4114 sed
1900 4069 1964 4114 mc·

177 4129 321 4208 judicari,
340 4132 386 4190 rel
403 4130 529 4209 expelli,
546 4131 626 4193 sicut
640 4133 741 4210 potest
755 4146 806 4191 rex
818 4131 940 4210 quando
956 4130 1047 4208 dego·
1094 4129 1220 4202 diatum3
1232 4127 1410 4193 immediate
1426 4132 1507 4193 onim
1534 4133 1643 4196 vicaria
1668 4134 1778 4196 Christi
1804 4139 1892 4198 essct
1906 4133 1966 4195 Ee-

182 4218 269 4275 nerat
283 4211 315 4272 in
333 4218 506 4291 tyrannum.
520 4213 716 4291 Comparatur
741 4213 830 4280 etlam
856 4213 940 4280 ouili,
958 4210 1046 4272 ioan.
1093 4211 1200 4285 etesia,
1216 4225 1293 4290 papo
1309 4218 1410 4274 autem
1425 4218 1510 4276 esset
1525 4214 1719 4278 immediatus
1746 4216 1878 4279 vicarius
1905 4216 1966 4278 Ec·

182 4295 233 4356 ttl.
249 4294 324 4355 ltem
338 4297 458 4372 corpori
486 4301 517 4357 et
530 4311 675 4373 sponsae,
691 4295 807 4371 pres.
821 4295 852 4356 l.
867 4301 896 4356 et
911 4294 941 4355 5.
958 4300 991 4355 ει
1003 4294 1047 4356 ιε·
1094 4292 1220 4358 clasiae.
1238 4296 1319 4374 quod
1336 4302 1383 4356 εει
1405 4311 1550 4373 expresso
1576 4307 1682 4360 contra
1707 4299 1872 4360 concilium
1889 4315 1966 4360 con·

183 4375 458 4453 tetttgamusonod
475 4377 556 4438 sicut
572 4393 631 4438 non
648 4377 759 4455 accipit
774 4377 981 4438 auctoritatem
999 4394 1049 4454 pa·
1094 4377 1274 4450 stantiense,
1291 4393 1371 4440 sess.
1388 4378 1418 4440 8.
1432 4380 1483 4442 ubi
1497 4380 1656 4442 damnatur
1671 4381 1809 4444 haeresis
1829 4379 1964 4444 wiclefi.

181 4457 295 4520 storab
309 4458 430 4528 ovibus,
455 4475 514 4519 nec
526 4466 647 4535 capula
664 4457 805 4537 corpore,
825 4475 881 4522 nuc
893 4459 941 4521 rir
962 4459 999 4521 ab
1016 4479 1048 4521 u·
1094 4460 1239 4530 dicentis,
1262 4477 1324 4522 uon
1340 4475 1411 4524 esse
1429 4461 1607 4542 pontificem
1622 4464 1832 4527 immediatum
1849 4463 1966 4526 Christi

179 4556 265 4614 nore,
281 4539 321 4599 ita
335 4555 438 4618 neque
455 4539 594 4602 Christus
610 4543 646 4602 ab
662 4541 812 4605 Ecclesia.
1096 4541 1254 4607 ricarium.

223 4621 268 4683 Ex
283 4621 333 4682 iris
350 4622 501 4684 babemus
514 4622 684 4685 Ecclesiam
701 4641 738 4686 ox
752 4641 786 4686 εε
799 4623 914 4686 nullam
937 4623 1050 4686 babere
1571 4669 1584 4690 .

183 4703 408 4777 auctoritatem,
423 4705 479 4767 sed
495 4721 619 4768 omnem
635 4723 706 4768 esse
722 4710 751 4767 in
769 4707 888 4770 Christo
905 4754 914 4781 ,
939 4714 970 4768 ct
984 4707 1023 4770 iis
1041 4753 1048 4782 ,
1172 4760 1174 4768 ,
1419 4706 1539 4772 CAPUT
1553 4709 1646 4772 XllII.

181 4788 297 4867 quibus
313 4785 453 4850 Christus
476 4803 545 4850 eam
572 4790 816 4851 communicarit.
840 4789 927 4865 Quod
949 4797 1051 4851 autem

181 4887 243 4933 non
259 4869 373 4932 babeat
385 4870 422 4932 ab
444 4869 517 4942 alio,
536 4872 681 4934 nimirum
707 4871 870 4940 aCbristo,
887 4871 1045 4950 probatur.
1841 4914 1842 4918 =

181 4953 256 5016 Nam
273 4951 415 5016 Christus
430 4954 543 5034 legitur
558 4953 682 5033 quidam
698 4954 823 5016 dedisse
845 4953 933 5017 Petro
951 4955 1052 5030 clares
1169 4957 1341 5019 Summum
1353 4955 1537 5037 pontificem
1551 4957 1696 5022 obsolute
1707 4973 1773 5022 essa
1783 4973 1888 5038 surpra

183 5032 457 5114 regnicoelorum,
477 5036 614 5101 llaltboei
632 5037 680 5099 lb.
704 5044 734 5098 et
762 5037 903 5098 eumdem
934 5037 1050 5113 praele·
1437 5039 1655 5105 concilium

182 5117 349 5180 cisseorili
371 5134 442 5188 wsuo,
463 5117 554 5182 loun.
582 5120 638 5182 ult.
668 5120 757 5183 Dedit
788 5119 879 5182 etiarn
900 5121 1049 5196 apostolis
1329 5151 1330 5154 ¹

182 5199 315 5263 caeteris
331 5205 513 5278 potestatem
530 5202 726 5280 praedicandi
742 5201 937 5280 ,baptizandi
953 5249 961 5275 ,
976 5218 1048 5279 pec·
1137 5203 1235 5265 Tertio
1247 5204 1427 5281 propositio.
1446 5205 1598 5268 Sarmatae
1608 5206 1759 5284 pontisara
1768 5206 1968 5285 simpliciter

183 5290 250 5346 cota
265 5281 452 5356 dimittendi,
469 5291 499 5346 et
514 5286 570 5346 alio
587 5287 736 5366 quaedum
752 5285 895 5358 lactendi,
912 5299 992 5363 quae
1008 5285 1047 5346 ad
1095 5295 1125 5353 et
1146 5285 1289 5351 absolate
1301 5287 1644 5366 estsuproEccleeiom
1656 5289 1892 5364 carmenum
1906 5305 1965 5351 εε-

182 5381 296 5428 munus
314 5365 491 5442 episcopale
507 5375 659 5448 spectant.
677 5369 731 5431 sed
759 5370 837 5429 bano
864 5372 1047 5446 potestatem
1090 5368 1574 5451 praeonccttompanerate,tro
1594 5376 1632 5434 ει
1651 5372 1784 5435 nudum
1803 5374 1843 5434 ira
1867 5375 1968 5435 terris

183 5449 323 5512 Christus
339 5448 469 5534 singulis
484 5450 568 5512 dudit
593 5451 632 5513 ita
650 5459 683 5513 ut
697 5451 829 5530 potuerit
849 5450 981 5529 quisque
995 5467 1046 5511 eo·
1092 5467 1195 5532 supro
1205 5467 1238 5512 se
1247 5451 1414 5526 εἐιιιειεεε
1430 5459 1594 5531 opnosout.
1617 5454 1699 5517 llaec
1714 5456 1805 5518 etiarn
1835 5460 1884 5518 εει
1899 5454 1970 5520 iere

185 5547 253 5593 rum
268 5530 320 5592 illa
336 5531 436 5594 omnia
450 5549 595 5595 exercere
618 5536 686 5596 sino
712 5533 948 5612 congregatione
975 5533 1048 5593 alio·
1094 5537 1132 5598 de
1146 5533 1219 5612 flde3
1236 5539 1267 5594 et
1280 5535 1425 5610 probatur
1436 5537 1534 5614 primo
1548 5553 1586 5598 cx
1600 5537 1721 5600 duabus
1742 5539 1963 5616 praecedenti·

185 5631 264 5688 rum,
281 5619 316 5676 ut
329 5620 436 5676 notum
453 5623 510 5678 est:
528 5615 562 5678 llt
578 5617 660 5697 quod
685 5617 744 5696 ipsi
759 5616 929 5686 Ecclesiae,
943 5614 1023 5678 idest
1039 5663 1047 5691 ,
1094 5620 1163 5682 bus:
1182 5631 1250 5680 nam
1266 5618 1291 5678 si
1307 5631 1383 5696 papa
1399 5625 1447 5680 εει
1461 5626 1550 5697 caput
1561 5619 1721 5682 Ecclesiae
1734 5620 1964 5684 uniuersaeet·

185 5697 324 5762 lldelium
339 5697 525 5764 universitati
542 5700 573 5762 in
586 5715 631 5776 se,
650 5699 739 5778 idest,
756 5701 874 5764 ratione
889 5709 963 5762 suae
975 5705 1049 5762 tuta·
1095 5699 1156 5766 iem
1177 5701 1270 5764 simut
1284 5707 1498 5782 congregatae,
1514 5710 1545 5767 et
1558 5701 1698 5768 Ecclesia
1711 5702 1853 5769 uniuersa
1869 5705 1967 5768 etiarn
