4086 6296
271 281 324 336 278
967 279 1012 339 DE
1031 274 1202 338 bodlcllts

195 429 256 479 nnn
269 429 378 482 omnes
389 415 504 480 babere
520 431 622 491 auras,
638 415 694 483 sed
711 415 816 482 monet
829 427 948 485 omnes,
972 419 1005 474 ut
1020 431 1051 474 u·
1098 418 1173 487 tare,
1188 407 1243 474 sed
1259 409 1389 488 cogitur.
1406 408 1443 472 dt
1457 409 1509 487 nui
1526 408 1565 475 ob
1579 405 1723 475 morbum
1736 405 1966 486 concupiscen-

193 501 294 564 tantur
308 497 462 574 facultate,
479 515 570 578 quam
585 496 711 562 habent.
729 496 888 572 Quomodo
914 495 1052 558 solonius
1099 495 1159 555 tiae
1176 492 1260 555 dueit
1276 507 1402 556 uxorem
1416 497 1486 572 post
1497 499 1610 566 return,
1627 491 1655 556 is
1669 507 1731 558 oon
1747 489 1842 557 nabet
1856 490 1967 556 nolun-

194 579 309 644 dicere:
327 580 384 656 Qui
398 581 492 646 babet
505 579 799 660 oculos,nident;qui
812 579 904 643 babet
914 583 1051 653 'luentem
1098 581 1190 639 tatem
1205 575 1354 654 implendi
1370 575 1543 651 natumsed
1556 572 1854 645 babeteontrrriom,
1868 573 1968 642 idest,

191 662 321 740 jndieet3
337 663 383 726 sic
398 663 490 744 igitur
504 670 535 725 ει
547 665 605 728 boc
621 665 689 730 ioco
704 660 861 739 Dominus
879 661 965 724 dicit:
994 657 1054 736 Qui
1100 676 1160 721 nnn
1176 657 1479 738 implendi3implieat
1490 657 1573 722 enim
1589 653 1970 734 contradictionemquod

190 749 434 827 preoccupare,
464 747 583 826 capiet.
600 745 768 832 ideumaei
799 745 892 808 babet
919 753 1052 806 mentem
1099 743 1169 820 qais
1184 741 1257 804 uelit
1272 739 1442 815 continere,
1472 739 1600 804 utrorit
1625 739 1743 806 attolit
1767 753 1896 802 uxorem
1911 738 1971 798 du·

192 833 222 889 et
233 827 384 906 judicium
399 846 521 902 saunari,
535 829 708 910 intelligat,
735 827 856 910 judicet
873 873 881 890 .
903 826 1055 906 approbet
1101 840 1184 888 cere.

193 909 321 975 verbum
336 911 407 988 boc,
424 913 507 996 quod
524 913 639 976 dictum
663 919 722 975 est:
753 909 824 976 tlon
845 909 1055 990 eupedituu·
1139 903 1432 984 beindc,aegritudo
1445 903 1613 984 corporalis
1628 920 1690 980 pon
1703 902 1971 982 pondetarnlun·

196 991 280 1055 bere.
430 1063 431 1068 .
578 989 581 999 '
1101 995 1160 1050 tate
1176 988 1373 1066 aegrotantis,
1390 988 1611 1050 incontinentia
1627 1003 1698 1050 sero
1710 986 1837 1065 pendet.
1855 985 1920 1050 don
1938 999 1972 1046 e·

229 1071 295 1137 loru
308 1091 379 1140 vero
392 1078 499 1140 tertius
514 1078 625 1140 loeus:
645 1075 868 1156 Unusquisque
881 1073 1055 1156 proprium
1103 1072 1166 1134 nim
1183 1077 1284 1150 potest
1298 1077 1382 1134 recte
1398 1071 1471 1146 dici,
1487 1071 1581 1133 demo
1596 1068 1809 1150 aegrotat‚nisi
1820 1071 1873 1147 nui
1891 1069 1969 1132 nult.

189 1159 423 1224 decumbebat
437 1177 481 1224 em
495 1159 570 1234 Deo,
587 1177 675 1224 unus
689 1161 747 1236 aie,
768 1159 854 1222 alius
870 1162 980 1225 outoni
994 1157 1052 1228 sic,
1104 1153 1326 1231 directissime
1348 1154 1471 1232 diuitum
1495 1153 1590 1218 Nemo
1615 1152 1781 1220 fornicator
1797 1197 1805 1224 ,
1836 1150 1899 1217 nisi
1914 1149 1970 1230 qui

191 1241 220 1302 l.
237 1237 307 1304 Cor.
325 1242 354 1305 l.
372 1259 434 1309 nnn
451 1243 542 1307 babet
558 1241 789 1316 difficultatem
806 1257 876 1304 nam
891 1241 1049 1320 apostolus
1083 1259 1086 1265 ·
1103 1238 1178 1300 nult.
1195 1237 1353 1301 obediunt
1379 1237 1462 1300 enim
1485 1235 1621 1305 membra
1643 1237 1782 1315 corporis
1805 1235 1843 1298 ad
1859 1239 1972 1299 uolunt

189 1329 275 1384 noent
293 1324 408 1398 donum
425 1325 479 1388 bei
492 1343 555 1388 non
572 1326 674 1390 solum
690 1325 910 1388 continentiam
925 1322 1056 1400 virgiua·
1107 1320 1283 1382 voluntatis.

194 1405 267 1481 lem,
285 1407 342 1470 sed
358 1403 452 1471 etiam
467 1399 675 1490 conjugalem.
692 1408 815 1470 bonum
828 1405 908 1468 enim
925 1403 980 1466 liei
996 1411 1054 1474 est,
1140 1401 1291 1482 lienique,
1309 1403 1426 1470 sanitas
1441 1401 1610 1488 eorpooalls
1631 1415 1695 1466 non
1716 1406 1765 1467 est
1779 1399 1898 1462 bonurn
1912 1397 1970 1462 ab·

193 1490 274 1566 quod
290 1489 385 1568 aliqui
400 1491 515 1572 eligant
528 1491 747 1570 virginitatem,
770 1496 800 1554 et
816 1485 1055 1566 similiter‚qnnd
1099 1485 1200 1548 solute
1216 1486 1395 1565 petendum,
1413 1485 1484 1565 quia
1499 1499 1594 1564 saepe
1609 1483 1720 1552 melior
1742 1488 1790 1551 ast
1804 1481 1970 1561 aegritudo

191 1571 285 1651 aliqui
301 1573 417 1652 eligant
432 1574 671 1648 matrimonium,
688 1578 719 1634 et
730 1573 761 1634 in
777 1588 815 1636 eo
844 1577 927 1633 caste
952 1585 1056 1648 perse·
1101 1567 1139 1630 ad
1155 1568 1243 1630 tilam
1261 1574 1418 1635 aeternam
1434 1566 1686 1646 consequendam
1704 1613 1712 1638 .
1730 1581 1822 1644 quant
1837 1563 1973 1628 sanitas.

191 1659 309 1718 serent.
328 1655 387 1718 Sed
403 1659 557 1734 quomodo
573 1673 642 1718 cam
659 1656 708 1718 bis
723 1657 897 1724 cohaereat.
914 1651 997 1734 quod
1023 1651 1055 1713 in
1101 1649 1187 1714 Unde
1202 1651 1426 1715 nullumexstnt
1438 1647 1869 1736 consiliumoraugelioumde
1881 1653 1974 1739 tuen·

191 1742 341 1814 potestate
357 1745 462 1801 nostra
483 1738 523 1802 sit
538 1738 710 1815 continere,
724 1745 755 1802 el
769 1742 852 1802 caste
869 1734 982 1810 rivere,
995 1734 1057 1813 jam
1102 1734 1139 1794 da
1155 1734 1297 1804 sanitate,
1312 1740 1437 1813 proptor
1462 1749 1592 1813 regnum
1620 1731 1790 1797 coelorum.
1820 1731 1856 1790 tlt
1871 1736 1973 1794 contr·

191 1825 278 1881 antea
294 1821 505 1898 exposuimus.
607 1867 626 1893 ,
1027 1887 1029 1896 Α
1103 1815 1208 1878 nentia
1223 1816 1363 1880 absolute
1381 1817 1442 1896 peti
1465 1821 1578 1895 potest,
1596 1821 1627 1880 et
1641 1813 1846 1883 infallibiliter
1857 1827 1974 1878 eonce-

230 1901 409 1966 Postremus
425 1905 511 1966 locus
528 1921 589 1967 non
610 1903 682 1966 lacit
697 1903 734 1966 ad
751 1900 941 1982 propositum
957 1916 966 1958 z
982 1899 1056 1962 llam
1102 1896 1194 1970 ditur,
1207 1900 1233 1962 si
1249 1900 1373 1968 aliunde
1390 1916 1451 1966 nou
1467 1899 1507 1962 sit
1522 1898 1661 1962 deiectus
1678 1899 1709 1958 in
1731 1895 1973 1972 orationeque

191 2001 259 2046 oum
277 1984 390 2050 Paulus
405 1988 467 2051 ait:
489 1984 548 2062 Qui
562 1987 674 2050 statuit
688 1985 726 2051 in
745 1986 843 2062 eorde
857 2000 916 2046 suo
931 1979 1056 2060 danius,
1104 1987 1152 2043 est
1166 1980 1283 2050 bonum
1300 1984 1339 2048 ad
1353 1981 1442 2049 ritum
1459 1988 1614 2044 aeternam
1630 1982 1722 2058 louge
1739 1979 1858 2054 utilius,
1875 1992 1973 2055 quarn

191 2082 260 2130 ooo
275 2065 396 2132 babens
426 2071 659 2143 necessitatem,
674 2071 865 2148 potestatem
880 2071 988 2128 autera
1002 2065 1058 2126 lin·
1105 2065 1342 2136 matrimonium,
1356 2070 1386 2128 et
1401 2063 1562 2144 propterea
1578 2063 1751 2134 consulitur
1765 2067 1795 2128 et
1811 2075 1974 2124 commeo·

191 2148 267 2212 beas
281 2166 361 2213 suec
373 2151 592 2222 uoluntatis,et
604 2150 879 2233 borjudioovitin
891 2149 1056 2213 cordcsuo
1105 2147 1194 2210 datur
1209 2147 1324 2226 passim
1341 2148 1373 2213 in
1389 2146 1569 2228 Scripturis.
1597 2198 1601 2206 .

193 2247 321 2295 seruere
334 2235 495 2314 uirginem
509 2251 616 2309 suom,
634 2233 714 2298 bene
727 2235 820 2313 feeit.-
835 2232 999 2312 dupliciter
1012 2247 1058 2292 ac·
1620 2275 1623 2280 -

194 2314 254 2394 cipi
271 2315 372 2393 potest
388 2333 524 2390 nomen,
546 2317 689 2398 Virginis.
704 2315 771 2388 Uno
787 2316 878 2378 modo
894 2361 901 2384 .
919 2330 974 2396 pro
991 2313 1059 2394 ipsa

190 2397 373 2475 virginitate,
391 2404 424 2461 ut
438 2400 559 2478 accepit
579 2417 606 2462 s.
623 2399 801 2478 Hieronym.
817 2397 872 2466 lib.
883 2397 962 2460 l.'in
977 2395 1058 2460 loti·
1427 2443 1431 2452 .

191 2478 328 2542 alanum.
344 2480 412 2543 tilio
440 2482 624 2561 modo.pro
648 2481 710 2544 fllia
726 2481 917 2560 virgine,ul
932 2479 1059 2558 exponit
1208 2525 1210 2534 ,
1286 2499 1287 2504 ’
1428 2475 1686 2544 clebrlttllttl.

192 2561 384 2641 Epiphanius
399 2565 523 2628 baares.
541 2563 688 2629 tabem
710 2571 877 2630 comment.
893 2561 1057 2634 Ambrosii,
1152 2611 1156 2621 .
1214 2597 1218 2604 ·
1591 2605 1596 2612 -
1790 2565 1792 2568 ’

192 2641 398 2720 Theodorei,
432 2647 675 2728 theophylacti,
718 2653 748 2711 et
780 2646 909 2710 aliorum
933 2645 997 2708 lere
1026 2663 1057 2708 ο·
1172 2687 1175 2694 ·
1335 2700 1337 2708 ,
1493 2683 1495 2686 -
1635 2705 1638 2712 .

194 2727 322 2792 mnium.
818 2783 821 2790 .
1015 2761 1021 2768 .
1141 2725 1414 2807 Solviturquortu
1430 2725 1563 2804 obiectio
1579 2726 1766 2792 curatione
1777 2723 1943 2790 auocati.

131 2815 141 2828 '
233 2809 333 2872 Prima
349 2811 500 2887 expositio
526 2827 589 2886 non
616 2817 663 2876 est
678 2809 872 2892 probabilis,
903 2816 951 2878 est
976 2808 1059 2874 enirn
1484 2854 1487 2860 ι
1642 2857 1646 2862 .
1751 2857 1754 2863 Α

194 2891 379 2964 inauditum,
395 2898 428 2954 ut
443 2894 526 2973 virgo
542 2894 709 2974 accipiatur
725 2911 779 2974 pro
805 2892 1060 2974 virginitatellc·
1447 2939 1449 2944 .

192 2991 254 3053 que
269 2975 301 3036 in
318 2974 375 3036 bac
391 2991 426 3037 re
441 2978 652 3052 quaestionem
670 2978 820 3040 babemus
833 2993 902 3038 oum
919 2977 1060 3040 adressa·
1147 2973 1319 3038 Diluendee
1333 2981 1407 3042 sunt
1421 2973 1626 3054 objaotionos,
1650 2989 1727 3054 quas
1742 2972 1910 3040 adrcrsarii
1923 2989 1976 3036 su·

193 3056 259 3118 riis:
275 3057 350 3142 llam
364 3056 497 3120 loannes
514 3057 670 3135 Gallinas,
697 3059 804 3122 Petrus
831 3059 952 3139 llartyr,
972 3059 1059 3120 Eras-
1107 3066 1194 3120 munt
1209 3076 1246 3120 ex
1263 3059 1351 3121 vorriis
1364 3057 1569 3123 incommodis
1584 3105 1591 3130 ,
1609 3073 1692 3137 quae
1716 3056 1860 3120 ridentur
1886 3055 1977 3119 nasei

194 3139 526 3210 arus,etaliiinl1unc
551 3143 654 3207 locum
671 3186 679 3215 ‚
696 3159 751 3221 par
773 3141 923 3221 virginem
941 3185 948 3212 ‚
966 3141 1059 3204 bliaut
1107 3157 1144 3200 ex
1156 3142 1322 3205 coelibatu.
1335 3140 1434 3205 brinta
1449 3139 1537 3203 ralla.
1567 3139 1743 3208 costitutus
1758 3143 1887 3206 naturae
1913 3137 1977 3214 ipsi

196 3219 343 3299 ruginem
358 3221 546 3302 intelligunt,
576 3241 638 3286 aron
663 3223 879 3308 uirginitatem.
910 3221 940 3286 Si
957 3229 1059 3286 tamon
1107 3239 1281 3301 repugnare
1296 3224 1439 3297 videtur,
1462 3240 1541 3302 quae
1556 3223 1667 3302 lrustrn
1695 3237 1828 3286 sexuum
1841 3220 1975 3283 dirersi-

198 3303 406 3368 :inmitteretur
421 3307 503 3384 prior
518 3305 569 3367 illa
585 3308 754 3386 expositio.
773 3322 828 3383 per
841 3305 1057 3370 necessitatem
1107 3312 1199 3366 tatem
1215 3313 1245 3368 ct
1257 3307 1315 3370 rim
1330 3305 1534 3386 generativam
1551 3307 1654 3372 molita
1679 3305 1738 3368 erit
1757 3305 1790 3368 in
1813 3304 1943 3370 bomine
1960 3349 1968 3376 ,

199 3401 261 3448 uon
283 3391 438 3464 oporteret
453 3386 627 3468 intelligere
643 3389 860 3454 nenessitatem
887 3387 1059 3452 absolutam
1103 3387 1131 3449 si
1147 3389 1257 3450 malins
1271 3393 1318 3450 est
1333 3389 1486 3452 coelibem
1501 3405 1690 3468 assensum
1704 3387 1914 3467 coniugatam.

198 3469 407 3548 eonjugti‚sed
425 3470 674 3536 cortditinnalnm.
687 3471 809 3546 Nom,ut
820 3487 858 3536 eo
872 3472 942 3536 loeo
957 3469 1058 3534 silio·
1145 3469 1317 3534 liaecratio
1327 3470 1482 3537 loriniani
1498 3477 1556 3546 ast,
1573 3479 1603 3534 οι
1615 3471 1678 3550 jam
1693 3471 1767 3535 olior
1783 3487 1799 3531 n
1814 3485 1843 3530 s.
1858 3467 1968 3531 Hiero·

197 3555 345 3632 rouyinus
360 3552 445 3628 dicit,
471 3552 523 3634 qui
540 3555 649 3616 nolunt
663 3555 833 3630 continere,
849 3554 1059 3616 itttsnecesse
1104 3569 1195 3632 npmo
1212 3554 1265 3614 lib.
1284 3555 1312 3618 l.
1328 3554 1358 3616 in
1373 3553 1579 3624 luviniacum,
1595 3552 1799 3618 refutatased
1813 3551 1887 3632 qula
1902 3567 1971 3616 rur·

198 3639 255 3707 est,
270 3640 320 3696 aut
335 3650 461 3698 uxorem
477 3639 601 3710 ducere,
619 3643 670 3699 aut
685 3637 824 3711 scortari,
847 3637 988 3700 absolute
1017 3645 1060 3700 ta·
1104 3653 1156 3700 sus
1172 3653 1187 3697 a
1204 3636 1336 3700 Lutbero
1349 3638 1378 3698 ln
1396 3651 1540 3700 sermone
1555 3637 1594 3698 de
1608 3635 1814 3714 matrimonio,
1832 3640 1863 3697 et
1877 3634 1916 3696 ab
1932 3633 1971 3694 bl·

199 3731 270 3777 men
283 3725 424 3798 neutrum
451 3723 498 3780 est
514 3719 737 3782 necessarium.
760 3719 878 3784 Slvere
894 3717 1061 3800 accipiatur
1106 3735 1206 3783 rasum
1223 3720 1253 3780 in
1269 3721 1411 3783 encomio
1442 3719 1626 3782 matrimonii
1652 3723 1793 3785 resonata
1818 3716 1974 3780 inlunem

202 3799 352 3876 expositio
369 3802 531 3878 posterior,
548 3818 627 3880 quae
643 3820 713 3865 tera
728 3807 759 3865 et
772 3797 918 3884 germana
934 3809 991 3874 cst,
1007 3819 1062 3884 per
1106 3808 1164 3866 est.
1181 3804 1416 3880 respondemus,
1433 3817 1493 3864 οοο
1510 3818 1580 3864 εεεε
1604 3801 1715 3866 ιεοειεε
1743 3802 1804 3864 mm
1819 3799 1975 3878 generati·

200 3882 419 3944 necessitatem
433 3899 492 3945 noc
507 3884 564 3944 erit
586 3901 664 3963 opus
688 3884 829 3964 accipere
845 3885 1062 3949 necessitatem
1106 3901 1184 3958 ratri,
1203 3891 1233 3946 et
1247 3903 1377 3949 sexuum
1389 3887 1607 3956 diversitatem,
1625 3883 1758 3948 etiamsi
1774 3881 1920 3961 permulti
1938 3895 1976 3944 ea

200 3964 347 4046 conjugii,
364 3965 403 4026 ob
418 3967 584 4034 carentiam
607 3967 680 4035 doni
695 3967 927 4042 conduentiae,
951 3970 990 4030 de
1002 3985 1060 4046 qua
1107 3983 1169 4030 non
1193 3974 1324 4030 utantur.
1342 3967 1672 4047 instandumque
1696 3971 1828 4046 propter
1854 3965 1976 4028 bonnm

201 4049 384 4110 necessitate
400 4046 450 4110 bic
465 4051 596 4126 agirnus3
613 4051 669 4112 sed
685 4050 900 4112 neccessitatem
914 4051 1062 4112 extrinse·
1108 4051 1226 4128 speciei
1242 4051 1375 4112 instituta
1392 4056 1487 4120 suut,
1515 4065 1578 4112 uon
1603 4052 1748 4114 dicuntur
1772 4047 1899 4120 trustra,
1918 4048 1948 4110 si
1962 4064 1979 4108 a

201 4145 280 4204 ram,
299 4145 377 4209 quae
393 4131 430 4192 ad
447 4147 511 4192 rem
525 4135 720 4208 praesentem
746 4148 808 4193 non
824 4131 967 4210 pertinet.
982 4131 1062 4196 llici-
1107 4133 1292 4212 quibusdam
1305 4133 1473 4196 individuis
1488 4139 1700 4204 exerceantur,
1716 4129 1810 4194 ellum
1825 4131 1881 4192 sla
1898 4131 1979 4194 mul·

201 4219 248 4274 tur
261 4214 342 4274 enirn
354 4213 560 4290 paterbabere
575 4213 791 4276 necessitatem
800 4213 952 4294 jungendi
970 4215 1064 4278 filiam
1109 4216 1148 4281 tis
1163 4215 1232 4278 aliis
1249 4233 1309 4280 non
1326 4222 1536 4287 exerceantur,
1552 4214 1670 4294 alioqui
1684 4213 1892 4277 enimomnes
1907 4213 1979 4276 ber·

202 4293 406 4369 matrimonio,
422 4293 449 4356 si
465 4297 532 4375 ipsa
546 4295 622 4358 nolit
637 4295 738 4361 risere
751 4296 791 4357 in
806 4296 971 4375 coelibatu,
989 4298 1036 4362 vel
1054 4343 1062 4372 ,
1108 4297 1178 4366 boe,
1192 4300 1357 4378 omniaque
1371 4314 1460 4376 poma
1473 4313 1543 4360 eum
1555 4297 1728 4361 seminibus
1742 4302 1927 4365 comuntur,
1947 4301 1978 4358 et

202 4377 227 4437 si
244 4379 311 4454 ipse
327 4393 436 4438 servus
452 4379 504 4451 sit,
528 4383 558 4438 et
574 4386 698 4456 cogatur
714 4397 729 4439 a
744 4378 874 4442 Dourion
890 4378 982 4443 liliam
1000 4381 1063 4444 eln-
1110 4387 1210 4444 tamen
1227 4381 1461 4458 paucissima-er
1476 4381 1504 4444 ei
1525 4387 1683 4445 seruntur.

201 4473 282 4520 aare:
298 4462 328 4518 et
343 4465 447 4520 contra
463 4458 586 4534 dicitur,
608 4459 724 4524 babere
738 4529 741 4536 ,
753 4463 971 4526 necessitatem
997 4480 1062 4526 ser·
1151 4463 1291 4525 Secunda
1307 4465 1396 4529 ratio.
1424 4463 1455 4528 Si
1472 4479 1582 4528 omnes
1597 4462 1816 4530 occurerent.
1840 4459 1979 4524 mundus

203 4538 290 4601 orandi
307 4537 400 4600 liliam
416 4539 592 4620 uirginem,
623 4543 649 4604 sl
672 4544 720 4606 nel
749 4545 816 4624 ipsa
845 4544 923 4606 nolit
945 4546 1064 4608 nubere
1109 4547 1245 4624 periret:
1261 4561 1322 4608 non
1337 4546 1430 4626 igitur
1455 4550 1575 4625 oportet
1596 4541 1978 4609 omnlbascontlnentiam

202 4623 318 4701 (raeque
335 4621 415 4683 enim
429 4625 466 4684 ad
481 4625 510 4684 id
527 4623 593 4703 cogi
608 4623 722 4706 potest)
738 4628 785 4690 rel
800 4628 827 4690 si
852 4644 913 4694 non
929 4627 1065 4694 inrenia·
1111 4629 1294 4708 praedicari.

203 4712 260 4782 tur,
278 4703 331 4784 qni
343 4721 413 4768 ¹etim
429 4706 512 4768 velit.
526 4705 588 4768 scd
603 4707 631 4770 si
644 4709 727 4774 nulla
740 4710 808 4774 talis
824 4713 996 4777 necessitas
1012 4711 1064 4776 ad·
1154 4710 1355 4790 Respondent
1369 4711 1486 4776 Patres:
1503 4709 1567 4775 Non
1584 4724 1656 4774 osse
1674 4708 1860 4788 periculum,
1876 4715 1912 4770 nt
1936 4723 1969 4769 n·

201 4789 254 4868 sit,
262 4787 401 4868 liberum
417 4788 475 4850 erit
496 4789 571 4866 patri
588 4793 724 4854 statuere
748 4791 787 4858 de
798 4791 910 4868 filiani
921 4794 1064 4857 uoluerit:
1114 4809 1204 4861 mnes
1219 4795 1377 4858 continere
1403 4795 1519 4870 velint;
1535 4808 1661 4871 semper
1672 4792 1755 4856 coint
1767 4792 1873 4870 plures
1889 4795 1981 4854 erunt

202 4870 256 4934 sed
273 4871 298 4934 si
307 4871 417 4952 jungat
439 4887 505 4933 eam
524 4873 727 4946 matrimonio,
745 4873 947 4954 benefaciet,
965 4877 991 4938 si
1006 4893 1068 4940 non
1115 4877 1298 4955 imperfecti.
1315 4893 1406 4954 quarn
1423 4875 1574 4955 perlecti,
1592 4881 1624 4938 et
1635 4876 1709 4937 ideo
1722 4880 1866 4954 oportere
1879 4874 1981 4936 omni·

198 4953 310 5032 jungat
325 4955 435 5016 melius
448 4953 547 5027 faciet,
565 4961 600 5016 ut
614 4957 773 5036 apostolos
799 4957 917 5021 ibidem
945 4959 1065 5024 scribit.
1113 4958 1173 5023 bus
1188 4959 1376 5039 praedicari,
1393 4966 1426 5021 ut
1440 4961 1550 5025 saltam
1566 4959 1654 5037 pouoi
1669 4957 1702 5022 id
1716 4955 1841 5020 lactant.
1859 4955 1892 5018 S.
1910 4955 1981 5019 llio·

204 5033 285 5096 llaec
301 5037 339 5099 de
354 5037 433 5124 locis
446 5035 623 5116 Scripturas
639 5039 819 5118 propositis.
1022 5098 1025 5106 ,
1114 5057 1261 5121 ronymus
1277 5043 1332 5104 lib.
1351 5041 1605 5106 ludovicianum:
1623 5039 1661 5104 u
1674 5041 1763 5106 dieas
1776 5039 1930 5116 ,.innuit,
1948 5037 1984 5098 sc·

245 5117 290 5178 dd
306 5126 372 5180 eam
388 5123 459 5183 'vero
472 5120 717 5196 similitudinem,
733 5139 823 5202 quam
837 5117 943 5188 Petrus
958 5123 1069 5204 llartgr
1114 5141 1225 5188 omnes
1250 5127 1392 5202 viraines
1417 5124 1562 5201 fuerint,
1579 5123 1742 5204 οιιοειοιιο
1767 5121 1866 5186 stabit
1879 5137 1984 5200 genas

206 5199 309 5277 posuit
323 5199 362 5262 de
377 5217 426 5278 en,
443 5203 496 5282 qui
513 5203 591 5266 vonit
607 5204 780 5268 ministrare
805 5207 949 5284 aegrotis,
968 5211 999 5271 et
1013 5224 1068 5286 po·
1116 5207 1389 5272 bumouumdlloli
1402 5213 1599 5279 metuerem
1612 5221 1723 5270 oatacs
1734 5204 1878 5282 uirgineas
1888 5202 1982 5282 liant.

206 5285 272 5342 stea
287 5297 350 5344 non
365 5281 449 5358 lecit,
465 5287 548 5364 quod
563 5287 750 5364 inmorbum
767 5285 835 5368 ipse
851 5287 1012 5361 inciderit,
1022 5306 1068 5354 re·
1114 5289 1259 5370 Difficilis
1273 5307 1324 5356 res
1340 5297 1385 5362 est
1398 5289 1581 5370 eugenius,
1598 5289 1717 5356 ntideo
1732 5287 1986 5367 rurogtu'ndif·

206 5363 391 5443 spondetur,
404 5383 465 5428 oon
482 5383 553 5431 esse
569 5369 671 5458 simile
687 5373 746 5434 bon
759 5379 861 5434 totum
888 5378 955 5434 roto
971 5372 1067 5436 eonti-
1115 5371 1224 5454 bellis.
1824 5433 1827 5444 .

206 5447 485 5517 contrastantum
498 5453 654 5525 enimisto
666 5470 728 5516 nnn
742 5461 849 5532 peceat
865 5471 925 5518 non
938 5455 1068 5534 implen-
1156 5457 1254 5520 titiam
1270 5456 1458 5521 solutionem
1474 5454 1571 5530 adieri
1585 5469 1613 5518 s.
1629 5452 1831 5533 Augustinus,
1848 5467 1921 5530 cap.
1937 5450 1984 5512 ιθ.

205 5531 243 5591 do
259 5533 373 5606 rotam,
390 5529 461 5610 quia
477 5532 663 5600 voluntatem
679 5537 771 5598 babet
786 5543 1000 5616 promptamet
1014 5555 1066 5618 pa·
1115 5537 1154 5602 de
1170 5539 1252 5602 bono
1269 5540 1426 5619 conjugali
1441 5558 1449 5599 :
1466 5537 1747 5617 Nouocomensis,
1764 5535 1824 5614 qrti
1835 5551 1987 5598 murmu-

204 5617 299 5678 ratam
315 5611 354 5678 ad
368 5617 472 5678 tolum
486 5614 691 5696 implendum,
709 5635 770 5682 nou
786 5619 869 5682 caim
881 5619 944 5682 rult
958 5637 1064 5706 aegro·
1108 5619 1282 5698 romilleio
1292 5623 1443 5693 sioataes
1455 5621 1555 5692 uelint
1567 5617 1608 5686 ub
1620 5620 1711 5686 omni
1725 5617 1900 5684 cormubttu
1914 5617 1985 5682 obs·

1296 2849 1392 2912 ‘⁸9
