4110 6310
6 451 11 496 Ι

6 535 10 576 i

6 619 9 660 i

6 703 9 746 i

872 333 971 394 trouu
990 325 1164 392 SECUNDUS
1765 335 1818 394 las

127 462 364 560 spargaudsgel
376 461 654 560 iimoinusdicunt
677 467 869 548 reprobatam
889 487 980 554 syco-
1026 465 1234 565 'siarumfidci
1250 467 1367 566 'el-ideo
1382 465 1534 547 sinodum
1549 464 1631 564 itiam
1648 483 1703 564 pro
1719 470 1886 566 adorandis

122 546 724 699 purrsupgolrpgtrrzrptrcrppifpgrsaiut'alrtmffl
738 551 981 705 &3⁰32qu
1025 552 1303 696 rorppgarlurflusnrhri
1316 553 1429 626 ualere,
1445 551 1526 629 quod
1542 550 1697 629 pontrdcrs
1709 557 1888 616 auctoritate

110 721 188 777 -etor
202 719 303 776 autem
320 729 425 776 eorurn
438 712 585 776 librorum
601 713 648 776 ref
674 716 761 794 lapsu
790 724 979 798 memoriae,
1066 713 1226 780 Praeterea
1240 722 1383 780 auctores
1398 715 1442 777 illi
1459 714 1645 795 antiquiqui
1663 716 1770 781 dicunt
1783 733 1889 796 repro·

6 821 7 828 κ
120 799 170 860 rot
188 813 224 858 ex
237 795 389 876 imperitis
410 795 514 875 posuit
539 795 834 878 constantinopolim
862 821 918 884 ppo
934 791 984 870 pp
1025 794 1125 860 balam
1138 815 1209 864 esse
1223 799 1330 864 falsum
1346 798 1511 880 synodum.
1524 813 1603 876 uuae
1621 801 1799 864 decreuerat
1815 801 1888 864 imo·

120 893 310 957 desomnem
325 878 445 958 alioqui·
456 878 616 942 cumdioat
630 881 781 960 synodum
796 885 981 953 celebratam
1023 878 1114 958 ilices
1126 897 1198 946 esse
1213 879 1468 954 odorandnssinc
1479 880 1575 941 dubio
1585 897 1642 960 per
1653 883 1889 958 iiludmdorou:

6 967 7 974 ’
120 963 254 1042 impacti
263 964 329 1024 noia
344 961 515 1041 Bithyniae.
533 960 586 1026 ubi
602 961 709 1026 liicaea
726 971 784 1042 est,
814 984 875 1032 non
904 971 981 1036 epp.
1025 963 1098 1034 dos.
1117 964 1294 1046 intelligunt
1308 965 1481 1028 adorandas
1496 964 1579 1024 cultu
1595 966 1714 1043 toirioe3
1744 983 1812 1028 nam
1829 968 1890 1047 ipsi

117 1045 349 1123 sanctimoniis,
362 1043 438 1107 satis
453 1042 579 1116 indicat,
596 1059 631 1106 se
646 1043 685 1110 de
698 1045 809 1112 Nicaea
826 1051 922 1132 loqui.
945 1055 982 1118 iit
1025 1061 1149 1124 quoquc
1165 1049 1279 1111 docent
1290 1047 1442 1128 imagines
1455 1049 1774 1126 esserenemndns,et
1787 1055 1890 1113 lamen

118 1127 263 1190 simililer
276 1127 377 1190 dboas
403 1132 433 1188 el
446 1124 606 1190 aimoinus
617 1143 687 1191 oum
702 1128 979 1214 dicontzsmodum
1023 1134 1207 1204 execramur
1219 1131 1303 1192 iilam
1319 1129 1485 1210 synodum,
1498 1139 1576 1202 oure
1587 1129 1677 1206 jubel
1692 1131 1843 1211 imagines
1858 1149 1889 1195 a·

108 1209 305 1272 celebratam
320 1209 381 1274 sub
396 1207 594 1272 Constantino
606 1208 839 1291 et=1rene‚clare
853 1218 981 1283 demon·
1025 1209 1137 1274 dirimi·
1154 1213 1219 1276 Ado
1232 1213 1262 1274 in
1278 1213 1424 1276 ommim
1441 1212 1511 1272 imni
1529 1209 1600 1272 dou.
1618 1213 1711 1278 dimi·
1728 1213 1841 1276 Romae
1857 1212 1888 1278 in

110 1299 232 1365 girans,
249 1310 285 1356 sp
299 1291 385 1369 toqui
410 1291 450 1354 de
479 1292 608 1354 nicaena
635 1297 765 1372 synodo,
791 1298 908 1364 etiamsi
925 1319 981 1382 pgr
1022 1292 1074 1355 die
1090 1296 1283 1360 exaltationis
1299 1295 1437 1370 Crucisa
1454 1300 1516 1353 toto
1530 1295 1645 1372 ροριιιο
1657 1294 1785 1358 crucem
1799 1313 1889 1359 oscu-

120 1391 258 1438 crrorcm
276 1375 414 1438 nominet
428 1371 736 1454 Constantinopolim.
752 1377 858 1457 Neque
888 1387 979 1450 ctiam
1024 1375 1078 1438 fari
1109 1384 1139 1439 ct
1154 1380 1272 1441 adorari
1285 1379 1422 1442 solitam:
1437 1377 1472 1436 Et
1487 1375 1681 1440 inciuonioo
1712 1379 1784 1440 unni
1810 1377 1884 1445 ifi.

119 1457 234 1525 obstat.
252 1458 334 1536 quod
350 1455 544 1531 dicendus,
561 1463 592 1520 el
605 1457 675 1520 dori
702 1459 833 1524 carolini
850 1465 977 1540 dicant,
1022 1465 1107 1520 rocol
1122 1459 1287 1541 imaginem
1303 1460 1520 1528 venerandam,
1533 1468 1624 1538 uuam
1642 1467 1792 1524 everteret
1816 1463 1886 1525 Piri·

120 1541 279 1619 synodum
294 1537 487 1618 reprobatam
517 1541 550 1600 in
565 1541 698 1604 concilio
726 1543 978 1615 francofordiensi
1022 1540 1157 1618 iiiiiimls
1173 1545 1359 1616 immelimm,
1376 1551 1407 1605 ei
1432 1541 1605 1604 iiiiiiusslii
1620 1542 1814 1606 Thmtiosius
1839 1561 1889 1606 m·

115 1623 213 1684 fuisse
229 1629 365 1688 coactam
382 1621 452 1684 sinc
466 1624 643 1685 auctoritate
673 1641 796 1705 pupae,
823 1633 904 1709 quod
931 1646 979 1698 est
1023 1622 1156 1687 tholicus
1172 1627 1347 1710 irnperntor.
1370 1625 1510 1704 Rhegino
1532 1623 1587 1685 lib.
1617 1625 1646 1687 l·.
1676 1625 1812 1690 chronici
1829 1629 1888 1692 sub

114 1704 226 1768 falsum
242 1707 281 1768 oe
296 1705 437 1775 nicaena.
454 1709 485 1766 ct
499 1720 603 1770 rerum
619 1708 659 1770 oe
671 1712 978 1792 constantinopolin-
1020 1703 1126 1780 onem,
1144 1711 1295 1788 agnoscit,
1313 1709 1415 1771 crucis
1430 1705 1639 1769 adorationem
1657 1754 1665 1780 ‚
1689 1713 1720 1770 ot
1744 1711 1887 1772 deturbo-

112 1803 178 1848 na:
205 1785 278 1852 iiam
304 1787 488 1850 ffinomorus
516 1795 669 1868 sequutus
694 1798 743 1854 est
769 1793 977 1862 fibrosiCoro-
1020 1789 1136 1852 iiossem
1152 1792 1318 1870 imaginum
1347 1807 1402 1870 per
1418 1791 1549 1852 mmmm
1580 1789 1818 1855 liomommimm
1845 1793 1886 1854 io·

112 1869 220 1944 linos,
250 1878 284 1934 ul
311 1870 380 1950 ipse
396 1868 549 1936 ,indicate
564 1872 676 1934 Auctor
702 1879 803 1936 autom
820 1891 924 1941 eornm
941 1881 976 1942 tr.
1020 1875 1098 1934 etam
1115 1874 1220 1936 scelus
1235 1875 1380 1953 appellat.
1393 1872 1527 1936 ioannes
1540 1871 1707 1936 drerrlinus
1720 1873 1774 1936 tio.
1787 1875 1818 1938 l.
1832 1893 1886 1937 an-

114 1953 239 2016 brorum
264 1956 326 2016 hoo
350 1951 545 2021 mendacium
570 1953 739 2018 finxitoum
761 1958 831 2022 aliis
858 1964 973 2040 multis,
1020 1955 1135 2017 uallum
1152 1957 1237 2030 dicit,
1262 1956 1369 2021 drucio
1384 1957 1492 2034 ifogno
1517 1954 1701 2026 imperatore
1724 1957 1885 2038 designato

111 2042 147 2097 ut
161 2036 333 2115 imponeret
355 2036 474 2120 synodo
489 2033 754 2116 francofordiensi,
784 2048 816 2105 ut
837 2059 906 2107 mor
931 2046 976 2110 di·
1019 2035 1182 2117 immitem
1196 2039 1265 2119 iius
1280 2041 1311 2102 in
1324 2037 1885 2118 iifflt¹⁰ib⁰m¹¹ifi⁰lii¹i⁰ii¹mmmm

110 2134 231 2180 cemus.
1019 2117 1089 2198 ipso
1105 2130 1280 2199 praesente.
1295 2123 1397 2185 ibbas
1422 2121 1640 2199 urspergensis
1666 2120 1698 2182 in
1723 2123 1883 2200 somnino,

160 2200 265 2279 Neque
280 2201 381 2264 obstat
394 2201 503 2266 ultimo
520 2201 603 2280 quod
628 2201 755 2278 Plotina,
772 2205 910 2276 Blandus
922 2213 974 2276 Su·
1019 2201 1172 2267 inretritur
1185 2205 1318 2268 Leonem
1329 2202 1757 2276 Isaurumetdonstaolinom
1772 2203 1886 2283 copro-

109 2281 244 2348 bcllicus
260 2290 291 2346 et
305 2285 417 2348 Paulus
428 2283 577 2347 Aemilius
591 2284 708 2358 dicant,
721 2289 913 2368 reprobatum
925 2313 974 2378 sy·
1019 2300 1143 2363 nimum
1160 2295 1286 2366 propter
1300 2287 1466 2365 imaginum
1481 2285 1821 2367 dejectionemcosque
1833 2305 1886 2351 ro·

109 2366 225 2428 uodum
238 2368 276 2430 de
290 2367 435 2430 tollendis
451 2366 651 2447 imaginibus3
666 2384 737 2432 nam
752 2369 785 2432 iu
800 2374 908 2450 primis
923 2379 973 2446 isti
1018 2372 1065 2428 ⁰³¹
1079 2367 1205 2446 impios,
1222 2376 1252 2433 ii
1265 2369 1443 2434 Afliissiiiiiii
1459 2381 1688 2446 iiiiiuffliisi
1717 2373 1748 2430 ii
1772 2385 1789 2431 θ
1806 2386 1880 2433 00¹¹·

107 2464 219 2512 omnes
234 2448 422 2514 recentiores
435 2456 519 2514 sunt.
534 2447 654 2513 uernae
670 2453 753 2531 quod
780 2453 841 2533 ipsi
853 2457 971 2540 dicunt,
1019 2450 1109 2514 imfio
1131 2452 1311 2533 Gregorium
1325 2467 1435 2534 priam
1462 2452 1588 2524 immiti,
1620 2458 1649 2511 ei
1678 2458 1816 2515 milvium
1839 2453 1885 2514 ii·

107 2547 172 2593 non
187 2540 304 2611 pugnat
317 2547 386 2596 eum
402 2533 597 2610 antiquorum
624 2533 839 2600 historicorum
855 2539 972 2625 dictis3
1016 2547 1083 2594 rum
1112 2533 1209 2597 inisse
1234 2535 1333 2610 dicit,
1369 2536 1421 2612 oui
1457 2539 1583 2612 impiis
1617 2532 1766 2612 imaginis
1796 2535 1882 2598 Chii·

106 2629 177 2673 uam
191 2616 221 2676 in
238 2615 356 2694 synodo
371 2615 625 2678 francofordiensi
648 2618 726 2680 duae
743 2621 852 2699 synodi
867 2639 971 2700 repro.
1016 2616 1053 2676 sti
1076 2621 1107 2678 et
1130 2624 1330 2696 sanctorum,
1360 2616 1574 2698 imperatorem
1608 2619 1884 2681 excommunicarit
1914 2627 1916 2630 ’

105 2695 195 2758 hatoe
205 2695 345 2768 dierunt,
362 2697 507 2761 nimirum
520 2699 849 2780 constantinopolitana
864 2715 972 2776 eontra
1015 2703 1079 2760 etc.

104 2777 269 2856 imagines,
287 2788 318 2842 et
331 2781 459 2842 nicaeno
476 2795 531 2860 pro
557 2779 746 2860 imaginibus
762 2829 770 2854 ‚
788 2792 821 2848 ul
835 2793 918 2866 patet
933 2809 971 2857 er
1057 2779 1142 2856 Quod
1159 2788 1260 2846 autem
1275 2799 1347 2849 rere
1358 2779 1515 2846 mendacio
1532 2779 1614 2855 sint,
1641 2780 1723 2860 quod
1739 2783 1876 2862 synodus

6 2885 7 2890 ¹
105 2860 195 2924 tibris
207 2860 369 2937 carolinis,
387 2869 471 2930 efer
490 2863 665 2938 Hincmaro.
695 2863 734 2927 fit
747 2866 878 2934 fortusse
894 2873 970 2940 page
1015 2861 1143 2926 nicaena
1159 2865 1292 2928 caruerit
1306 2881 1404 2946 papae
1420 2865 1610 2927 auctoritate.
1627 2870 1658 2925 et
1672 2864 1755 2942 quod
1770 2864 1877 2928 decre·

104 2949 153 3004 est
167 2960 288 3018 oaussn,
302 2945 560 3022 curantiuuorum
577 2946 792 3012 historicorum
806 2953 899 3033 aliqui
914 2971 972 3020 110:
1015 2945 1092 3009 uerit
1107 2948 1257 3027 imagines
1272 2947 1444 3013 odorondas
1455 2946 1538 3008 cultu
1552 2945 1889 3018 latriaeoerlissimum·

104 3026 224 3089 minent
237 3027 389 3096 dicacem.
400 3027 496 3107 aliqui
512 3027 823 3110 constantinopolim,
841 3053 911 3100 curn
923 3043 968 3102 ur.
1015 3033 1146 3103 aetenam
1163 3031 1194 3093 in
1210 3031 1278 3108 ipso
1289 3030 1422 3095 coneilio
1437 3028 1881 3093 nicaenoii.rot.2.recitcntur

104 3112 345 3188 ountsynodum
360 3110 545 3173 Graecorum
561 3112 754 3189 reprobatam
784 3115 815 3179 iu
835 3122 968 3186 concilio
1013 3111 1165 3189 epitimii
1181 3129 1277 3192 popae
1288 3112 1410 3177 Adriani
1420 3128 1474 3192 1)Γο
1487 3110 1718 3188 imiiifiibusmi
1732 3111 1764 3171 in
1780 3115 1879 3174 omni·

104 3189 500 3256 francofordiensifidetur
512 3194 605 3273 igitur
618 3195 741 3262 mihtin
753 3201 873 3276 synodo
888 3203 968 3268 supp.
1012 3191 1073 3254 bus
1086 3195 1262 3258 actionibus
1277 3193 1502 3276 semperprimi
1511 3192 1711 3256 subscribunt
1726 3193 1816 3271 legati
1830 3211 1877 3257 ro-

104 3274 290 3338 colordieosi
319 3291 391 3338 rere
419 3276 612 3355 reprobatam
643 3281 802 3341 nicoenam
818 3281 857 3346 Π.
873 3299 967 3365 synp.
1013 3276 1229 3340 mnniliainde
1241 3279 1326 3356 quod
1337 3279 1374 3341 ad
1388 3279 1502 3339 cultum
1515 3276 1621 3338 attinet
1636 3275 1666 3336 in
1680 3275 1879 3352 primanetio

102 3357 191 3424 dum.
207 3359 263 3420 sed
276 3373 337 3436 per
351 3373 486 3422 errorem
512 3365 544 3422 ct
567 3359 775 3434 materialiter,
805 3379 845 3426 eo
871 3371 964 3434 modo
1012 3373 1054 3422 ne
1068 3359 1200 3424 Basilius
1211 3362 1388 3442 inegranus
1403 3361 1454 3440 uui
1471 3367 1557 3420 antea
1575 3358 1674 3420 fuerat
1690 3359 1875 3432 haereticus.

103 3453 233 3515 prorsus
247 3457 309 3518 uuo
330 3441 403 3503 olim
429 3443 567 3522 synodus
592 3441 788 3508 ariminensis
813 3446 966 3517 damnavit
1008 3441 1207 3520 resipisceret
1217 3449 1248 3508 et
1262 3442 1490 3508 confessionem
1502 3439 1684 3504 catholicam
1696 3441 1814 3509 ederet,
1831 3448 1876 3504 to·

104 3523 385 3588 homousionfiam
400 3531 506 3588 auctor
520 3525 668 3588 librorum
684 3523 893 3595 (terminorum
907 3535 963 3598 rm.
1008 3527 1039 3586 to
1054 3526 1186 3589 concilio
1201 3525 1391 3590 audientest
1406 3526 1553 3600 probante
1569 3523 1654 3592 dixit,
1671 3539 1706 3586 se
1722 3523 1875 3604 imagines

103 3605 351 3686 posuitspnodo.
376 3607 501 3687 duoque
522 3609 688 3670 mendacia·
707 3609 750 3670 itti
767 3608 909 3678 obtrusit:
926 3619 963 3682 U·
1008 3605 1135 3684 (ididem
1163 3609 1292 3683 mimi,
1314 3624 1377 3686 ,mon
1401 3613 1502 3670 mmm
1518 3605 1625 3675 latria,
1656 3622 1725 3666 cum
1752 3621 1787 3670 m
1816 3606 1876 3669 soli

101 3703 175 3748 num
186 3688 463 3766 mendaciumfuit‚
481 3693 513 3752 tu
528 3690 647 3770 synodo
662 3690 962 3766 nicrcuodelnitum
1007 3681 1159 3754 (iibe'aim
1186 3692 1265 3754 lieo.»
1290 3691 1437 3754 Similiter
1462 3687 1678 3752 Constantinus
1708 3688 1876 3769 episcopus

13 3781 18 3793 ·
101 3769 209 3842 fuisse,
225 3780 259 3833 ut
269 3771 420 3851 imagines
435 3774 634 3836 adorarentur
648 3773 730 3836 cultu
746 3775 866 3844 latriae.
880 3780 962 3847 dite·
1008 3769 1202 3837 (imsimiim
1228 3771 1310 3852 (iiiii
1338 3773 1370 3835 in
1400 3770 1467 3834 Vll·
1490 3770 1609 3850 sfiiid⁰
1637 3775 1696 3832 ⁰⁰¹·
1712 3771 1743 3833 3·
1766 3771 1875 3852 ¹⁰i011‘

103 3853 345 3926 rum‚decretum
361 3855 438 3918 iilud
452 3856 565 3920 lectum
580 3873 596 3918 a
609 3855 734 3920 Graecis
748 3859 818 3924 sine
829 3851 962 3930 consen·
1008 3858 1070 4000 ¹⁰⁵7
1083 3861 1142 3920 ⁰⁸¹·
1169 3855 1316 3920 Similiter
1343 3856 1511 3936 loquuntur
1525 3854 1615 3916 etiem
1639 3853 1751 3917 iiiiiii
1766 3859 1827 3918 flii·
1844 3855 1877 3916 i·
1910 3873 1914 3880 “

102 3937 395 4013 sapapaoromani.
1007 3942 1039 4002 et
1076 3984 1085 4000 .
1744 3979 1746 3982 -

142 4018 197 4082 liis
212 4018 334 4082 duobus
348 4019 519 4084 mendaciis
532 4036 589 4101 pro
600 4022 726 4086 veritate
741 4024 961 4110 habitissgno·
1047 4020 1152 4100 Nemte
1167 4021 1279 4085 mitum
1292 4019 1388 4085 videri
1404 4017 1596 4098 debetquod
1611 4023 1716 4083 iiiiii
1727 4019 1877 4084 iiiimmm

102 4100 161 4160 dos
177 4101 450 4166 francofordiensis
465 4103 648 4183 reprobarit,
676 4113 707 4169 et
719 4109 841 4180 merito,
858 4113 961 4176 nicae.
1007 4099 1218 4168 Carolinorcm
1231 4111 1293 4168 laur
1305 4103 1465 4168 manifesta
1478 4102 1636 4164 mendacia
1651 4101 1814 4164 ubtroseril
1827 4119 1878 4183 sp·

103 4199 172 4244 narn
187 4185 338 4261 synodum
352 4191 509 4265 tamquam
528 4187 686 4265 protono·
712 4197 741 4252 et
757 4192 959 4272 illegitimam,
1005 4186 1088 4249 nodo
1102 4186 1357 4252 fruncofordiecsi
1373 4187 1412 4249 de
1425 4185 1555 4250 nicaena
1571 4183 1690 4264 synodo
1702 4185 1792 4264 paulo
1804 4191 1876 4247 ante

102 4265 190 4340 Quod
206 4266 256 4328 illa
272 4269 333 4331 duo
347 4269 460 4331 fuerint
474 4283 621 4347 persuasu
646 4273 791 4349 concilio,
814 4283 899 4353 patet
923 4293 961 4342 px
1004 4269 1122 4346 habila3
1140 4287 1209 4334 uam
1226 4272 1251 4334 si
1268 4287 1352 4336 nune
1365 4268 1659 4349 magdeburgenses.
1674 4272 1704 4329 el
1731 4265 1880 4331 Calvinus

102 4349 178 4423 ipsis
195 4349 282 4412 libris
297 4349 460 4426 formicis
478 4367 548 4414 nem
573 4353 605 4414 in
634 4354 822 4434 praefatione
844 4359 960 4424 diserto
1003 4353 1141 4416 scribere
1154 4354 1340 4427 audent‚nos
1352 4353 1455 4415 colere
1467 4350 1618 4430 imagines
1630 4348 1741 4412 diuinis
1753 4350 1879 4412 honori·

6 4465 7 4470 κ
102 4430 231 4494 liabetur
251 4431 547 4498 hoomodordlicto
560 4438 969 4521 eatinmediwmispilippt
1003 4434 1326 4514 busplaneutfieos,
1354 4432 1568 4498 cumtotlibri
1594 4431 1877 4500 cuthoiioorumel

101 4513 130 4572 in
147 4515 265 4592 synodo
281 4515 533 4598 Francotordiae)
548 4519 697 4598 peucetio
714 4523 755 4586 do
777 4539 865 4586 nouo
888 4526 960 4590 dre·
1005 4518 1110 4598 ipsum
1123 4521 1268 4598 generate
1282 4518 1448 4582 concilium
1464 4516 1637 4585 inflammet
1651 4513 1683 4576 in
1697 4513 1881 4578 Germaniae

101 4611 214 4658 corum
227 4599 365 4677 synodo.
378 4613 480 4680 quom
493 4601 536 4665 dc
550 4602 732 4668 odorandis
756 4605 958 4686 imaginibus
1006 4599 1121 4665 finibus
1137 4602 1272 4666 Tridenli
1288 4601 1489 4668 celebratum.
1513 4598 1627 4660 diserte
1644 4599 1778 4676 clament
1806 4613 1881 4660 eou-

102 4677 548 4760 domtootinopolttceemnt
559 4685 677 4766 inquo
689 4687 847 4766 scriptum
866 4689 961 4756 pape.
1008 4685 1145 4748 trariom:
1160 4685 1235 4764 quid
1250 4685 1360 4748 mirtrm
1376 4681 1402 4746 si
1418 4683 1500 4745 idem
1528 4679 1690 4742 confictum
1707 4682 1747 4741 sil
1761 4681 1800 4742 de
1828 4695 1881 4759 sg-

6 4789 8 4828 i
100 4759 731 4844 botrmutquiimopintomrccctomm
750 4773 800 4834 ito
822 4769 961 4848 tttdeiii-
1010 4768 1092 4832 nodo
1108 4784 1231 4848 graeca,
1247 4783 1338 4846 quem
1354 4764 1533 4845 paucissimi
1549 4763 1652 4844 legero
1667 4767 1820 4842 poterant,
1848 4767 1882 4823 et

99 4859 156 4905 coe
179 4844 330 4910 mmnuort
351 4849 540 4923 seruitium,
565 4857 624 4914 out
644 4853 873 4918 odorationem
894 4871 966 4922 oon
1010 4867 1089 4932 quae
1105 4852 1136 4913 in
1152 4849 1438 4914 oriculecelebrato
1455 4845 1578 4910 luerat?
1780 4926 1785 4937 Ι

97 4928 336 5006 inpenderent.
349 4931 780 5013 onothomoiudiocrcufur:
793 4937 966 5019 uuimprc
1051 4931 1083 4996 Si
1100 4933 1198 5008 dions,
1215 4949 1288 5012 ergo
1303 4934 1412 4996 saltem
1425 4930 1591 4994 concilium
1603 4924 1884 5000 francofordiense,

99 5013 296 5076 aooodaoimi
309 5013 420 5078 Patres
433 5017 539 5078 eroafri
548 5019 747 5082 omnimodis
757 5021 938 5086 orationem
953 5069 961 5099 ‚
1011 5017 1093 5094 cuod
1108 5015 1392 5095 frequentissimum
1407 5015 1509 5080 fuitat
1524 5011 1813 5089 legitimumerrare
1825 5023 1880 5086 po·

99 5095 964 5183 etcendauemotsimpmducrmumtcrcontempso·
1011 5098 1079 5161 tuit.
1097 5099 1291 5177 despondeo:
1308 5097 1408 5160 foruit
1429 5109 1530 5158 errare
1556 5100 1587 5154 et
1610 5093 1733 5164 errarit,
1760 5107 1821 5153 non
1847 5093 1882 5152 in

6 5193 7 5198 ¹
97 5181 186 5247 muel,
203 5183 301 5258 utque
325 5181 561 5244 consentientes
586 5185 860 5250 condernoontnt.
883 5187 965 5251 ilaec
1007 5179 1099 5258 iuris,
1113 5183 1172 5246 sed
1189 5181 1219 5244 in
1236 5181 1303 5244 lacti
1320 5180 1513 5258 quaestione.
1530 5176 1567 5237 itt
1581 5182 1813 5254 praetersonon
1825 5173 1882 5234 mi·

98 5258 152 5320 ilai.
166 5259 203 5322 Iu
218 5261 288 5337 ipso
302 5262 395 5325 oliam
411 5278 506 5342 opere
521 5264 726 5332 introducitur
748 5267 964 5334 constantinus
1009 5279 1079 5326 mm
1096 5266 1121 5326 ai
1138 5280 1241 5328 errare
1256 5265 1368 5344 potuim
1395 5277 1469 5324 num
1483 5273 1544 5322 non
1572 5271 1761 5320 consensere
1788 5254 1884 5336 legali

99 5341 264 5422 episcopus
280 5341 474 5408 constantiae
490 5344 580 5428 Cypri
608 5349 643 5412 in
671 5352 804 5414 coneilio
833 5350 964 5417 nicaeno
1008 5347 1176 5422 romaniut
1189 5347 1471 5428 magdeburgenses
1486 5339 1805 5420 dieunt:Papu·sulem
1817 5353 1882 5401 nou

99 5425 259 5489 anathema
273 5425 383 5492 diceus
394 5428 445 5504 iis,
463 5429 515 5509 uui
531 5445 593 5494 non
609 5434 737 5496 adorant
751 5434 902 5514 imagines
923 5451 962 5500 eo
1008 5429 1110 5494 solum
1126 5446 1186 5494 non
1203 5429 1373 5493 consensit.
1400 5427 1455 5490 sed
1483 5424 1583 5518 etium¹
1601 5423 1742 5518 refutarit
1762 5423 1882 5518 franco·

100 5507 272 5586 solimano
288 5511 430 5576 adoratur
445 5514 642 5578 sanctissima
658 5516 802 5578 Trinitas.
819 5516 863 5578 En
880 5517 961 5582 clere
1009 5512 1165 5578 iordiense
1180 5513 1350 5585 decretum,
1367 5515 1401 5573 ut
1414 5515 1498 5590 potet
1511 5522 1550 5569 cx
1564 5506 1644 5568 libro
1659 5507 1835 5600 dduannde
1856 5519 1883 5564 r-

103 5591 233 5668 primum
249 5594 457 5660 mendacium.
475 5597 559 5660 idem
576 5604 683 5660 auctor
708 5599 791 5662 clare
806 5600 908 5678 docet,
925 5603 964 5667 ad
1009 5596 1187 5676 maginibus
1202 5593 1238 5658 ad
1255 5593 1408 5668 carolum,
1424 5591 1477 5655 urbi
1493 5589 1663 5652 refutantur
1677 5605 1778 5652 omnm
1793 5601 1879 5648 men·

6 5707 12 5752 5
101 5689 254 5740 summum
270 5677 611 5758 pontificorupcrtinere
625 5679 776 5759 judicium
791 5690 965 5750 contrutin-
1012 5681 1098 5746 docio
1113 5681 1240 5745 illorum·
1252 5679 1402 5742 librorum
1416 5673 1640 5740 sanctionum.
1835 5693 1839 5704 ·
