4080 6306
268 351 319 405 256
965 353 1009 409 titi
1028 347 1199 414 ttoi'tcttts

195 491 244 548 roi
258 487 345 550 duro
367 491 544 553 ntandossa
558 535 565 558 ,
581 503 641 551 tace
667 488 867 567 discipulam
879 488 1056 566 poeniteret
1143 482 1282 547 Secunda
1296 483 1430 564 objectio
1450 489 1498 546 cst
1513 484 1653 566 ciusdem
1676 485 1800 549 Lutherl
1816 487 1845 550 in
1863 488 1976 550 carlom

192 572 329 648 ¹irnperio
342 571 574 650 porathsoitlni
588 586 624 633 ao
640 573 693 634 die
708 585 771 649 qno
788 571 965 633 aduenerat
976 571 1056 634 darn
1102 568 1184 630 loeo.
1201 567 1398 645 Praepositus
1413 569 1592 630 monasterii
1609 569 1688 630 liber
1712 577 1759 632 est
1774 570 1812 633 ab
1826 570 1978 634 obedien-

193 657 369 717 contaretur
381 655 532 734 inlinens
547 701 554 728 ,
570 655 728 732 porroctas
742 655 893 715 incarneo
908 661 972 727 ost,
990 671 1054 715 neo·
1100 651 1153 721 tia,
1168 665 1260 728 quam
1275 655 1396 711 roraret
1411 651 1479 712 sine
1495 651 1552 712 alia
1569 651 1810 730 dispensatione,
1825 653 1920 730 igitur
1934 654 1977 714 si·

192 736 254 797 rito
268 736 370 812 felia.
397 739 512 801 merito
526 738 708 816 gloriosas,
735 735 890 816 probatus
905 736 1053 798 obedian-
1100 749 1192 810 gnum
1209 738 1268 804 est,
1283 737 1384 793 ratum
1400 733 1475 795 iilud
1492 749 1554 794 non
1567 734 1703 814 obligare
1719 751 1820 798 coram
1836 735 1976 800 boolia-

194 819 251 884 tia.
268 819 524 898 piorilicatnseai
536 821 702 898 passione.
1099 816 1250 892 spondeo:
1268 815 1301 875 ln
1319 829 1369 888 eo,
1386 815 1438 892 qui
1454 816 1578 896 cligitur
1593 818 1623 877 in
1638 819 1860 898 praepositura,
1876 835 1977 881 rema·

234 897 274 963 in
288 903 400 965 codena
415 909 523 966 attinnt
544 897 741 964 monastario
755 901 879 978 saciata
893 948 900 971 ,
916 903 953 964 id
967 903 1054 981 otoad
1101 913 1173 958 nere
1186 897 1404 974 obligationem
1430 900 1505 965 voti.
1523 900 1595 961 lieet
1619 915 1674 979 per
1700 901 1847 963 accidens
1871 909 1978 964 cesset

193 982 338 1046 diatonos
362 1001 456 1054 snm,
473 987 594 1048 recenti
607 985 766 1046 anemoria
785 983 960 1060 ferebatur.
981 983 1053 1058 Qui·
1099 979 1277 1042 exercitium
1292 979 1374 1041 illius
1390 983 1461 1048 voti.
1479 982 1548 1058 auia
1568 982 1657 1044 deest
1673 985 1809 1045 materia:
1825 984 1918 1064 oojns
1934 986 1977 1044 si·

192 1066 271 1128 darn
283 1067 395 1130 itidem
407 1071 452 1131 ad
464 1071 605 1131 elendona
616 1067 764 1129 abbatem
775 1068 983 1144 rocipiendus
995 1067 1052 1128 ad·
1099 1077 1192 1140 gnum
1209 1067 1267 1133 est,
1284 1064 1355 1142 quia
1375 1063 1401 1123 si
1420 1063 1447 1124 is
1469 1065 1521 1141 qui
1538 1079 1622 1128 nune
1637 1072 1686 1126 est
1699 1067 1894 1144 praepositus
1910 1067 1975 1146 pri-

191 1151 569 1230 aenoratantnprincaei
582 1151 636 1214 icat
647 1150 853 1214 obedientiae
864 1156 1049 1226 poneretur,
1100 1143 1309 1216 veturoffiaia,
1328 1144 1437 1208 iterum
1457 1147 1613 1208 tenebitur
1634 1148 1670 1207 ad
1693 1149 1912 1219 obedientiam,
1931 1157 1977 1209 ct·

193 1246 231 1291 ac
244 1239 407 1310 papatem
429 1235 636 1313 polliceretur
650 1234 695 1295 ad
709 1233 821 1294 omnia
844 1231 894 1292 aot
909 1241 1054 1293 cotronae
1100 1228 1185 1288 iamsi
1215 1243 1325 1287 trorum
1338 1229 1460 1304 arliouod
1475 1235 1575 1290 ratum
1589 1243 1651 1290 non
1664 1229 1846 1294 iaciatlide
1862 1231 1975 1293 siha*

1099 1307 1222 1452 mam5in
1235 1310 1266 1372 2.
1283 1309 1314 1370 2.
1332 1318 1451 1388 quaest.
1479 1311 1530 1373 88.
1560 1318 1616 1372 art.
1635 1313 1684 1374 li.
1709 1320 1739 1376 et
1761 1320 1882 1394 quaesi.
1900 1315 1972 1376 liiii.

1100 1397 1156 1453 ari.
1200 1438 1207 1453 .

1140 1475 1239 1536 Tertia
1257 1480 1304 1536 est
1315 1475 1394 1536 Petri
1412 1475 1551 1557 blartyris
1566 1475 1596 1536 in
1612 1483 1778 1540 comment.
1801 1478 1838 1539 ad
1855 1496 1924 1558 cap.
1942 1479 1972 1539 t.

1102 1557 1213 1635 prioris
1229 1559 1265 1618 ed
1284 1556 1420 1619 Corinth.
1439 1561 1525 1621 Vetat
1539 1560 1570 1621 b.
1590 1559 1724 1633 Paulus,
1740 1563 1789 1621 ne'
1804 1560 1972 1623 Christiani

1100 1655 1205 1701 servos
1217 1655 1251 1700 se
1266 1639 1389 1714 iaciant,
1402 1659 1472 1703 cunr
1488 1644 1547 1702 ait:
1565 1641 1671 1704 Pretio
1686 1644 1785 1722 empti
1809 1645 1892 1718 catis,
1910 1661 1972 1707 no·

1100 1719 1242 1800 lilcfieri
1255 1724 1342 1806 semri
1355 1723 1620 1787 hominnm.·ll‘on
1647 1726 1740 1803 igitur
1767 1727 1840 1788 licet
1859 1733 1963 1788 return

1100 1804 1296 1866 obedientiae
1308 1805 1420 1868 iacere.
1437 1806 1514 1881 Quid
1528 1805 1612 1868 enim
1626 1805 1687 1868 hoo
1703 1815 1750 1871 est
1764 1807 1858 1882 aliud,
1875 1827 1969 1886 quana

1100 1891 1279 1966 sponie'sua
1296 1903 1331 1949 se
1346 1887 1377 1949 in
1394 1889 1569 1951 servitutem
1586 1889 1749 1952 abbatibus
1768 1891 1905 1953 tradere?

1140 1970 1177 2032 at
1192 1970 1290 2032 tacitis
1303 1974 1466 2048 responsio
1482 1977 1540 2048 est,
1554 1972 1710 2033 nonenim
1724 1973 1755 2034 b.
1771 1973 1881 2036 Paulus
1897 1990 1968 2054 pro·

1100 2051 1187 2114 hibet
1200 2055 1388 2127 servitutem,
1406 2071 1484 2134 quae
1499 2054 1678 2117 hominihus
1699 2055 1882 2130 exhibetur,
1907 2059 1965 2120 sed

1100 2134 1130 2195 id
1148 2135 1299 2212 prohibet,
1317 2151 1356 2196 ne
1370 2138 1548 2216 bominibus
1564 2143 1688 2215 propter
1715 2139 1801 2216 ipsos
1822 2139 1968 2202 homines

1101 2217 1306 2294 potissimum,
1321 2219 1378 2280 scd
1391 2228 1516 2299 propter
1532 2221 1627 2281 ileum
1639 2220 1797 2291 scrutator,
1826 2222 1856 2283 id
1883 2223 1967 2300 quod

1102 2301 1243 2378 exposuit
1258 2301 1369 2363 alarius
1385 2303 1421 2362 ad
1439 2303 1557 2364 coloss.
1574 2302 1605 2364 3.
1622 2303 1673 2364 ubi
1690 2303 1736 2364 sie
1757 2304 1809 2365 ait:
1828 2304 1920 2367 Serui
1934 2321 1968 2366 o·

1100 2382 1203 2445 bcdtto
1215 2399 1277 2462 per
1291 2385 1404 2446 omnia
1415 2387 1557 2448 domims
1572 2379 1774 2459 carnalibus,
1788 2403 1858 2451 non
1871 2389 1918 2448 ad
1932 2403 1967 2449 o·

1101 2465 1212 2528 cainan
1226 2469 1511 2548 sentientesqaasi
1525 2468 1711 2531 hominibus
1724 2469 1969 2548 phoeniceam

1101 2551 1139 2611 in
1152 2549 1358 2626 sinopiicitote
1373 2553 1479 2613 cordis
1503 2553 1648 2613 timentes
1663 2549 1968 2627 Douninnmdood·

1102 2643 1239 2710 caraque
1252 2631 1373 2708 facitis,
1388 2627 1560 2716 'anonimo
1589 2635 1774 2712 operamini
1793 2637 1876 2697 simet
1903 2635 1967 2696 Do·

1102 2716 1203 2787 annea,
1218 2721 1247 2775 et
1260 2730 1330 2777 non
1344 2715 1529 2778 hominibus
1543 2719 1678 2779 scientos
1692 2717 1813 2798 quoda
1827 2717 1965 2780 Domino

1101 2798 1263 2874 recipietis
1284 2793 1545 2862 'octnboaioncm
1577 2797 1797 2862 beneditotis.
1827 2799 1965 2863 Dareine

1104 2878 1225 2942 caneto
1239 2881 1516 2955 sermioQuoeirca
1531 2881 1710 2942 sPauliaus
1725 2882 1784 2944 etsi
1800 2899 1861 2944 non
1879 2884 1968 2962 igno·

1103 2963 1969 3043 rabatapostolumdiaisse2Noiitoilarisemihominum

1104 3052 1203 3106 tameo
1220 3047 1358 3124 seipsum
1374 3046 1521 3119 vendidit,
1537 3052 1569 3108 ut
1583 3045 1680 3109 illium
1696 3047 1805 3110 uiduae
1831 3049 1969 3112 redime·

1103 3133 1160 3202 ret,
1175 3130 1256 3207 quod
1272 3141 1300 3190 s.
1316 3126 1483 3208 Gregorius
1498 3145 1568 3192 oum
1584 3129 1675 3192 laude
1701 3129 1771 3210 ejus
1786 3131 1890 3207 refert,
1911 3131 1971 3193 lib.

1105 3210 1134 3272 3.
1151 3210 1354 3289 dialogorum,
1371 3229 1439 3289 cap.
1454 3214 1489 3273 i.
1811 3241 1816 3250 ·

1145 3293 1205 3356 Sed
1221 3293 1319 3372 inquit
1333 3294 1440 3356 Petrus
1454 3295 1574 3374 lilartyr,
1598 3310 1625 3356 s.
1642 3293 1788 3356 Paulinus
1816 3311 1854 3357 ex
1870 3296 1971 3358 ohari-

1105 3381 1165 3438 tate
1181 3391 1252 3454 erga
1269 3376 1441 3454 proximum
1455 3379 1592 3455 seipsum
1602 3377 1847 3456 hondidit,-quod
1865 3387 1970 3442 autem

1106 3475 1144 3520 ex
1159 3459 1304 3520 charitato
1320 3458 1353 3520 ili
1366 3507 1373 3530 ,
1388 3460 1530 3540 rectefii.
1548 3460 1639 3533 Quasi
1655 3475 1727 3522 tero
1756 3462 1883 3538 perlecti
1901 3479 1967 3523 mo·

1104 3542 1192 3604 naohi
1205 3556 1242 3602 ex
1257 3544 1424 3620 eupiditate
1439 3550 1469 3604 et
1481 3559 1542 3604 non
1559 3559 1597 3604 ox
1611 3541 1758 3605 obesitate
1771 3559 1842 3624 erga
1854 3545 1965 3616 heum,

1103 3639 1138 3685 so
1153 3624 1461 3704 abhatibus‚atiisque
1472 3626 1657 3704 praepositis
1669 3627 1967 3707 spontesubjiciant,

1104 3707 1164 3769 Sed
1179 3707 1218 3769 de
1234 3708 1410 3773 ohedientia
1425 3708 1589 3770 haetenus.

188 1315 395 1390 patientium.
414 1317 497 1379 Coun
512 1315 610 1378 abhas
624 1317 822 1377 sloraohaane
836 1315 961 1391 otrparn
967 1315 1052 1394 jane·

188 1397 320 1472 pridem
333 1400 464 1462 andane
478 1414 581 1462 maren
594 1395 823 1476 poebcnhanc
836 1397 903 1458 solo
918 1394 1053 1468 linitae-

192 1493 254 1556 que
280 1480 333 1542 illi·
345 1483 492 1546 aduenae
515 1483 553 1544 id
573 1483 683 1566 ,operis
703 1480 843 1558 imponit
856 1527 863 1551 ,
876 1483 912 1540 ni
927 1480 1055 1541 tanadin

190 1561 338 1636 alapatus
363 1579 486 1644 agnano
504 1564 667 1642 irriguoan
690 1562 909 1636 otianti-oret,
927 1563 1052 1634 dorico,

191 1646 280 1722 qnod
296 1651 409 1708 contro
429 1663 557 1730 anteana
569 1651 726 1707 noiaorane
741 1651 830 1716 erat,
849 1645 976 1724 lignano
990 1646 1053 1706 ari·

191 1728 402 1790 dominacio
418 1735 529 1791 arante
550 1728 725 1790 cinisceret.
743 1726 909 1806 subjectas
925 1727 1055 1806 aduena

193 1809 296 1870 darae
305 1809 526 1889 lepisa'mperio
539 1827 662 1890 aquom
672 1807 813 1888 propriis
822 1810 964 1872 h-nnaoais
976 1827 1054 1892 pico·

190 1891 270 1952 iidie
299 1893 513 1960 convehebat.
532 1910 617 1973 qnae
632 1911 654 1954 n
668 1893 738 1953 Nilo
753 1892 889 1972 filincino
914 1910 973 1970 per
987 1895 1052 1954 dato

189 1972 256 2049 sore
270 1975 377 2037 millio
394 1975 563 2054 petebatur
575 2023 583 2048 ,
595 1976 731 2054 joncqrnc
744 1991 870 2038 emenso
886 1978 969 2037 ttnftti
981 1991 1053 2052 spo-

192 2056 236 2117 tio
253 2055 343 2119 labor
356 2059 579 2122 noncessabot
590 2059 800 2136 oporontlsat
811 2059 851 2120 de
862 2059 971 2136 [noctu
983 2073 1054 2136 ope-

190 2139 237 2199 ris
250 2155 320 2216 spes
336 2157 483 2204 essenon
498 2147 634 2219 poterat,
652 2145 761 2203 tanton
776 2139 978 2204 obedientiae
992 2143 1055 2202 air-

191 2227 241 2281 ius
252 2223 290 2282 in
304 2221 414 2286 labore
426 2224 727 2303 durabai.Soqaens
739 2237 867 2302 pnoqno
879 2240 989 2286 anans
1000 2241 1054 2285 aa·

190 2318 273 2364 nunc
288 2304 430 2368 laborem
437 2305 512 2383 pone
526 2305 632 2387 offecti
644 2305 755 2383 pratris
771 2306 987 2369 chrodieldem
1002 2307 1055 2368 de·

189 2401 282 2447 maone
295 2389 539 2451 succedentium
550 2397 731 2468 temporum
743 2389 868 2450 tabente
879 2389 1055 2451 enrricula.

193 2483 265 2528 cnm
279 2483 386 2548 nequo
400 2477 499 2533 nocta
513 2519 521 2546 ,
536 2489 642 2552 noque
655 2473 803 2534 interdie
827 2473 987 2552 aquariam
1001 2473 1056 2533 illo

193 2558 330 2613 cessaret
345 2545 603 2632 operatorairpa
616 2553 807 2633 narniilipo
822 2555 929 2632 ipson
943 2571 986 2617 ceo
997 2556 1057 2616 iiia

190 2632 321 2712 virgula
335 2635 555 2711 arbusculam,
573 2637 768 2717 qainohodie
783 2653 911 2718 ottoque
921 2639 1010 2700 intra
1021 2656 1055 2699 a·

193 2716 293 2778 trium
306 2721 496 2782 aconasterii
512 2726 557 2782 ast
570 2722 673 2782 ramis
683 2719 871 2790 uirentibus,
887 2723 1057 2801 vidiglano

192 2799 570 2876 quasiinicstirnoninrn
581 2803 1057 2884 manensquantnrnobcdien·

192 2881 239 3024 iffa
252 2885 382 2959 ncernit,
401 2889 431 2964 ei
444 2891 607 2966 qnoniam
620 2884 699 2963 {idos
708 2887 1057 2964 possit,ostondit.liaec

192 2980 202 3025 t
229 2979 257 3025 e.

239 3046 302 3108 hlia
318 3063 381 3110 non
399 3049 559 3113 dissimilia
585 3057 687 3112 narret
715 3067 742 3114 s.
760 3051 925 3130 Gregorius
954 3051 1008 3113 lib.
1026 3051 1057 3112 2.

197 3126 401 3206 dialogorum,
420 3149 488 3212 oap.
503 3133 533 3195 'l.
550 3134 589 3196 de
605 3149 631 3194 s.
654 3133 778 3208 liauro,
803 3136 854 3212 qui
885 3136 922 3207 ad
939 3135 1058 3196 abbatis

193 3209 356 3288 imperium
373 3216 766 3294 superaquasambuiari13
784 3223 814 3277 ei
830 3216 965 3278 ioannes
987 3217 1057 3278 Cas·

197 3291 304 3354 sinnas
316 3293 371 3356 tib.
387 3295 418 3358 i.
433 3297 471 3358 de
486 3298 634 3360 institutis
647 3298 905 3366 renunciantium,
922 3313 990 3380 cap.
1005 3299 1056 3362 23.

194 3374 233 3434 de
250 3373 361 3438 abbate
376 3377 493 3440 Joanae
511 3425 519 3456 ,
548 3381 600 3460 qui
615 3387 741 3460 propter
756 3381 951 3444 obedientiae
968 3383 1056 3443 virtu-

193 3461 254 3517 tem
268 3458 304 3519 ad
318 3461 498 3538 prophetiae
514 3464 639 3542 gratiam
656 3461 838 3530 sublimatus
853 3464 923 3535 ,sio
939 3465 1057 3526 unirer·

192 3553 227 3600 so
243 3539 352 3602 claruit
367 3543 447 3612 orbi.
461 3550 494 3606 ut
505 3545 598 3606 etiam
612 3546 739 3624 regibus
764 3546 871 3608 muudi
887 3547 981 3628 hujus
992 3551 1056 3610 me·

193 3620 250 3682 rito
265 3638 322 3684 suo
342 3626 523 3689 redderetur
536 3627 674 3690 illustris.
827 3689 829 3694 ,

234 3703 294 3766 Sed
310 3715 476 3770 occurrunt
487 3710 653 3773 solvendae
669 3709 873 3790 objectiones.
889 3713 988 3775 Prima
1002 3712 1057 3774 lu-

194 3785 272 3847 theri
291 3795 338 3864 est
353 3792 382 3851 in
397 3791 451 3854 ttb.
469 3793 508 3854 de
520 3795 598 3854 votis
614 3795 803 3865 monasticis,
821 3795 872 3858 ubi
889 3797 948 3858 hoc
964 3799 1054 3857 inodo

193 3869 402 3934 ratiocinatur.
420 3873 576 3950 Scriptura
587 3875 687 3956 jabet,
716 3883 748 3937 ut
767 3879 911 3940 omnibus
928 3879 1057 3940 homini-

195 3951 255 4013 bus
268 3953 461 4031 obediamus,
475 3957 586 4037 Philip.
604 3959 634 4020 2.
651 3959 840 4036 Superiores
851 3963 990 4023 inuicem
1005 3979 1058 4022 ar-

193 4031 358 4100 bitrantes.
376 4037 412 4098 lit
429 4041 457 4100 t.
475 4039 553 4104 Petri
568 4041 599 4101 2.
618 4039 759 4117 subiecti
774 4048 869 4116 estote
895 4046 985 4106 omni
1000 4044 1057 4114 lca·

194 4131 316 4180 monae
331 4127 503 4184 creaturae
515 4129 649 4201 propter
663 4125 775 4190 beator.
803 4125 899 4204 Igitur
921 4127 1057 4204 obligare

193 4215 227 4260 se
243 4201 279 4261 ad
293 4201 503 4266 obediendum
518 4205 571 4270 uni
587 4207 645 4269 soli
662 4207 962 4284 praeposito,oontra
978 4209 1058 4272 Scri·

195 4288 314 4355 pturarn
331 4286 489 4362 ostridam
504 4288 586 4350 enirn
610 4295 658 4350 esi
683 4305 718 4350 ac
732 4291 758 4349 si
775 4289 844 4368 ouis
861 4291 898 4352 ita
916 4299 1056 4365 roveretg

193 4363 277 4425 Deus
292 4381 386 4429 voveo
410 4369 465 4430 tibi
483 4371 565 4431 nolle
590 4387 641 4432 me
664 4371 839 4433 seeundum
865 4375 1070 4454 evangelium

192 4451 278 4508 tuum
293 4449 436 4512 omnibus
451 4451 574 4532 subjici,
592 4453 645 4515 sed
663 4460 777 4516 tantam
790 4455 842 4518 uni
856 4455 977 4536 majori.

234 4528 428 4606 despondeo:
445 4532 624 4610 Apostolum
639 4537 765 4598 Pouiutn
781 4538 902 4600 eotoco
919 4557 978 4602 non
996 4541 1060 4600 vel·

192 4611 222 4671 lc
240 4619 272 4672 ut
286 4627 394 4674 ornnes
407 4615 574 4682 habeamus
590 4624 741 4696 tamquam
758 4621 932 4700 principes,
947 4623 1059 4701 quibus

191 4709 301 4771 parere
318 4701 487 4770 teneamur,
502 4699 557 4760 sed
575 4696 613 4761 ut'
632 4718 740 4764 omnes
758 4703 940 4783 'judicemus
969 4706 1059 4766 nobis

192 4791 264 4840 esse
279 4778 468 4856 superiores,
483 4781 721 4856 idest,meliores
736 4791 766 4846 et
781 4787 962 4864 sanctiores;
977 4805 1059 4849 com·

191 4861 316 4921 mandat
328 4862 409 4922 enim
422 4863 637 4936 humilitatem,
650 4867 758 4945 etipsa
775 4871 865 4930 rerba
889 4871 958 4950 ejus
981 4872 1059 4944 indi·

192 4948 272 5003 eant:
288 4943 580 5012 Perlctuniiitotena
599 4949 741 5012 indicens
763 4955 946 5032 sanniones
974 4951 1058 5016 arhi-

190 5029 324 5088 nantas.
342 5029 438 5102 Adde,
456 5029 537 5108 quod
554 5032 580 5092 si
596 5033 689 5092 vellat
703 5037 860 5111 apostolus
877 5083 885 5110 ,
916 5044 946 5098 ot
961 5039 1063 5097 omnis

190 5105 249 5200 bus
261 5108 470 5186 obediremus,
488 5127 553 5174 rem
576 5116 668 5192 plane
694 5115 917 5194 impossibilem
941 5120 1057 5194 reltet3

189 5203 214 5247 st
231 5192 313 5282 eninr
328 5209 436 5256 omnes
449 5197 594 5258 omnibus
610 5195 737 5262 obedire
751 5200 956 5276 dehent,nnlli
971 5209 1060 5264 crunt

190 5287 242 5348 qut
254 5272 385 5350 jubeant
406 5283 436 5336 et
451 5279 527 5340 nulli
543 5281 596 5356 qui
611 5280 767 5343 obediant.
790 5280 883 5346 Porro
899 5301 925 5347 s.
946 5285 1054 5346 Petrus

190 5369 246 5428 per
257 5371 380 5416 ornnem
397 5358 560 5422 lurrnunam
577 5371 756 5432 areanorum,
774 5366 917 5447 intelligit
932 5385 1053 5430 omnent

190 5434 346 5498 hominem
360 5447 539 5515 potestatem
556 5445 725 5523 imperandi
746 5450 927 5526 praeditum.
959 5451 1008 5512 Sic
1024 5467 1055 5510 c-

190 5516 253 5578 nim
267 5521 398 5598 explieat
413 5524 480 5600 ipse
496 5543 542 5587 sc:
560 5529 643 5602 Sine,
659 5531 767 5609 inquit,
798 5535 868 5610 rapi
897 5540 1055 5614 tatopuana

184 5603 407 5697 praecellenti,
432 5607 496 5668 sino
513 5611 649 5674 dicacibus
680 5619 847 5696 inntqttnna
872 5617 1051 5678 tiberianis·

185 5699 241 5748 sis.

1421 4055 1537 4118 citius
1552 4053 1649 4118 XXII.

1135 4325 1292 4388 tacentur
1312 4329 1420 4386 cotum
1442 4321 1661 4386 coratinonlioe
1682 4341 1725 4388 en
1745 4323 1810 4386 iliis
1832 4323 1937 4386 corbis

1148 4439 1156 4456 ·
1185 4417 1187 4422 ’
1205 4422 1441 4502 Lacaaprirna·
1455 4421 1614 4496 Quotuode
1629 4421 1683 4485 llet
1696 4422 1796 4488 istudi
1811 4430 1874 4486 etc.

1147 4706 1241 4768 tenio
1253 4701 1376 4766 tandem
1389 4705 1426 4764 nd
1442 4709 1543 4765 rotunr
1555 4703 1763 4766 continentiae
1777 4721 1786 4779 3
1803 4703 1886 4781 quod
1905 4703 1972 4781 pri·

1106 4805 1189 4849 taum
1203 4789 1378 4866 scripturae
1392 4787 1587 4858 testimoniis,
1606 4788 1719 4847 deinde
1735 4787 1940 4848 conciliorum
1959 4831 1967 4858 ,

1107 4879 1137 4933 ot
1153 4871 1307 4934 Ecclesiae
1324 4870 1416 4932 totins
1430 4885 1586 4932 consensu
1601 4887 1609 4942 ς
1627 4868 1714 4930 tertio
1742 4867 1922 4949 pontilicutn
1940 4875 1972 4927 ot

1103 4957 1324 5032 imporatorum
1348 4953 1494 5014 decretis
1520 4969 1555 5014 ac
1586 4952 1735 5028 tegibus,
1765 4957 1875 5030 quarto
1913 4951 1969 5010 Pa·

1106 5043 1184 5098 trum
1198 5051 1377 5115 graccorum
1389 5043 1422 5096 “et
1437 5036 1598 5096 latinorum
1616 5037 1794 5110 traditioae3
1812 5041 1975 5112 postrema.

1108 5121 1242 5182 naturali
1254 5118 1345 5182 etiam
1361 5119 1479 5180 ratione
1493 5117 1686 5180 confirmare
1709 5133 1763 5196 pro
1789 5115 1908 5180 viribus
1925 5117 1972 5176 ni·

1107 5210 1162 5262 tar.

1142 5285 1276 5347 Primum
1293 5285 1385 5363 igitur
1401 5282 1607 5345 testimonium
1622 5283 1661 5342 sit
1676 5283 1749 5344 illud
1767 5281 1966 5360 Luc.i.Qno-

1103 5369 1196 5429 troada
1208 5365 1260 5442 pot
1273 5369 1372 5430 istud.
1389 5369 1547 5446 panaciam
1560 5367 1669 5427 arianam
1693 5381 1762 5426 raon
1776 5381 1936 5443 coprtosco
1955 5367 1974 5422 t*

1103 5451 1219 5522 Quibus
1236 5451 1337 5512 veritis
1353 5450 1443 5528 Virgo
1456 5449 1648 5512 sarnclissima
1665 5447 1820 5522 significat
1835 5449 1972 5526 impodi-

1103 5541 1239 5594 arontam
1256 5553 1289 5595 so
1306 5533 1431 5606 hahere,
1450 5549 1510 5610 qua
1526 5531 1628 5592 tatinus
1644 5531 1739 5591 lilium
1756 5531 1923 5609 eonciporo
1940 5537 1973 5590 et

1103 5633 1210 5693 parere
1226 5621 1342 5696 possut:
1361 5616 1614 5694 impedimentum
1631 5619 1731 5674 actitant
1759 5614 1833 5675 illud
1858 5631 1922 5674 narn
1939 5633 1971 5672 a·

1103 5700 1165 5761 lind
1183 5713 1251 5764 esse
1268 5702 1375 5780 poluit,
1395 5715 1485 5778 attam
1503 5704 1602 5758 trotntn
1632 5697 1837 5759 continentiae
1850 5696 1917 5776 jetn
1935 5713 1971 5758 a·
