4098 6294
915 369 1098 430 PRAEFATIO
1738 367 1790 422 Μ

116 499 243 562 mortuis
257 497 483 579 attingeremus.
500 503 536 566 lt
549 503 607 564 hac
621 503 823 582 imposturae,
838 501 961 566 menda·
1006 505 1061 569 lsti
1076 508 1149 568 sunt
1171 501 1266 580 lepidi
1281 547 1289 572 ,
1305 501 1353 564 vel
1368 501 1512 582 sacrilegi
1536 499 1639 580 potius
1653 501 1770 564 lirasmi
1784 500 1860 582 joci.

118 585 225 661 ciaque
239 584 502 660 impudentissima
517 590 598 648 sunt.
616 584 688 658 Quis
702 584 783 646 enirn
798 585 961 648 catholico·
1006 590 1042 650 ln
1056 587 1165 650 eodem
1181 585 1270 646 etiarn
1285 585 1374 658 libro,
1385 601 1468 647 more
1484 599 1610 664 prorsus
1621 584 1860 654 Lucianeo,hca·

117 682 183 727 rum
199 681 332 742 uuquam
359 668 410 728 uni
426 683 496 730 vero
512 669 573 730 lieo
587 714 594 740 ‚
610 669 657 728 vel
676 668 825 748 imagines
839 683 961 736 sacres,
1005 669 1154 732 tissimum
1164 665 1319 746 Virginem
1329 667 1452 730 llarianr
1462 668 1493 730 in
1506 667 1596 728 maris
1607 666 1796 746 praelectum
1808 665 1866 725 Vc·

116 749 163 809 vel
177 748 264 810 beata
279 755 449 812 sanctorum
474 751 622 830 pignora,
643 750 689 812 vel
715 757 874 829 martyrum
889 791 896 824 ,
913 756 964 812 aut
1008 751 1074 816 ueri
1089 749 1244 814 substituit
1257 766 1266 826 ;
1281 756 1312 811 et
1322 766 1417 812 ausus
1431 757 1479 813 est
1493 750 1584 811 homo
1599 751 1785 812 christianos
1798 745 1864 807 Vir·

115 831 334 906 apostolorum,
350 836 400 896 cul
414 833 504 895 etiarn
519 832 696 911 angelorum
710 833 847 912 spiritus,
869 837 919 894 aut
939 834 963 892 i·
1008 836 1111 914 gincm
1127 833 1222 905 iliam,
1238 849 1327 910 qoam
1343 849 1370 893 s.
1386 831 1520 895 loannes
1532 830 1767 912 chrysostomus
1783 845 1867 892 sera·

115 929 201 992 psam
217 914 349 993 denique
365 916 442 976 coeli
456 913 722 994 reginam,lieiquc
737 923 892 993 parentem
905 914 965 978 lia·
1008 915 1109 997 phicis
1123 914 1282 996 spiritibus
1306 917 1487 977 sanctiorem
1504 921 1534 975 et
1549 915 1704 991 puriorem
1729 928 1801 976 csse
1816 927 1866 974 vc·

114 1000 191 1058 riam
207 997 269 1058 ulio
285 999 373 1058 modo
388 997 543 1078 aequavit?
872 1069 875 1084 Ι
1010 999 1132 1062 tissime
1147 998 1290 1077 scripsit,
1307 1013 1378 1060 cum
1396 998 1602 1080 impurissima
1619 997 1779 1060 meretrice
1794 1011 1870 1058 coo·

157 1079 230 1151 Quis
245 1080 274 1139 in
292 1080 436 1141 catholica
452 1080 588 1142 Ecclesia
604 1079 799 1153 sacriilcium,
816 1081 898 1159 quod
912 1080 965 1144 uni
1009 1080 1107 1144 ierrel

112 1161 243 1224 debetur
257 1161 331 1233 lieo,
348 1163 394 1224 vei
410 1163 543 1237 sanctis,
559 1163 607 1224 rel
622 1163 783 1238 reliquiis,
800 1165 847 1226 vel
862 1165 967 1244 imagi·
1054 1163 1142 1240 Quid,
1159 1163 1240 1243 quod
1255 1162 1286 1224 io
1301 1160 1422 1242 dialogo
1436 1161 1475 1223 da
1489 1160 1733 1240 peregrinatione
1746 1158 1868 1237 religio·

113 1244 207 1306 nihus
222 1244 355 1307 obtulit?
369 1245 472 1307 Nonne
497 1246 555 1307 hoc
577 1261 639 1307 uno
663 1255 787 1308 externo
803 1247 963 1326 symbolo,
1013 1245 1062 1310 nis
1077 1261 1161 1326 ergo,
1179 1245 1339 1326 epistotam
1353 1242 1513 1306 coniciam
1528 1244 1652 1306 nominc
1664 1241 1796 1322 Virginis
1811 1241 1870 1303 lla·

113 1328 237 1406 quando
252 1328 334 1388 uuila
350 1332 502 1389 exstarent
515 1329 583 1400 alia,
600 1327 675 1389 satis
689 1334 793 1405 aperte
809 1336 965 1402 testamur,
1013 1331 1078 1392 riae
1092 1329 1184 1392 edere
1210 1344 1270 1390 uon
1286 1327 1429 1400 crubuit,
1454 1343 1513 1404 qua
1538 1326 1605 1405 ipsa
1619 1321 1714 1389 llatcr
1727 1325 1870 1388 Veritatis

113 1425 173 1472 nos
187 1409 287 1470 auimo
302 1407 424 1489 quoquc
438 1416 469 1472 et
480 1409 660 1488 cogitatione
672 1427 766 1472 uuum
778 1411 873 1473 licum
885 1427 967 1475 com·
1011 1413 1155 1474 ialsorum
1180 1410 1354 1491 dogmatum
1382 1408 1504 1472 botheri
1519 1415 1623 1471 auctor
1636 1403 1867 1482 introducitur?

114 1492 219 1570 plecti,
236 1491 325 1569 eique
341 1493 397 1554 soli
412 1492 535 1572 proprio
549 1493 734 1572 quodam‚et
747 1494 892 1573 peculiari
904 1497 967 1558 cul·
1013 1493 1064 1558 Sic
1078 1495 1161 1556 enim
1175 1493 1243 1556 iloto
1260 1493 1311 1554 illa
1326 1492 1416 1554 llaria
1442 1492 1480 1554 ad
1497 1490 1729 1568 Glaucoplutum
1744 1491 1863 1552 scribit:

114 1582 149 1636 tu
164 1574 304 1636 serviret
318 1573 423 1638 Nonae
438 1581 540 1654 aperte
565 1573 780 1655 distinguimus
804 1575 968 1640 inteream
1015 1575 1125 1652 Qrtod,
1142 1577 1261 1655 inquii,
1277 1574 1453 1638 homerum
1465 1580 1735 1644 secutrrsatrcocc
1746 1573 1867 1636 coedes

115 1657 277 1732 honorem,
294 1658 346 1736 qui
361 1659 419 1720 soli
434 1658 498 1722 lico
509 1657 659 1729 debetur,
675 1663 791 1720 etcum
806 1659 920 1721 cultum
934 1677 969 1724 ac
1012 1674 1292 1739 superuacaneum
1315 1673 1381 1720 esse
1393 1657 1546 1720 inuocare
1560 1657 1650 1720 diuos
1666 1702 1674 1728 ,
1692 1673 1714 1718 o
1726 1671 1778 1718 mc
1793 1655 1865 1736 qui·

114 1739 352 1810 venerationem,
369 1754 447 1820 quae
461 1739 517 1802 Dei
530 1740 651 1812 amicis,
668 1740 797 1818 aliisque
812 1743 907 1803 sacris
922 1757 969 1804 re·
1011 1743 1086 1805 dem
1098 1743 1158 1806 isto
1171 1741 1305 1804 morice
1319 1739 1438 1802 boccum
1450 1755 1671 1820 magnamquc
1681 1739 1822 1818 gretiam
1836 1743 1867 1800 tc

114 1822 185 1894 bus,
202 1829 326 1901 propter
339 1824 441 1902 ipsum
455 1825 561 1892 licum,
579 1823 628 1899 pie
643 1823 848 1904 religioseque
863 1822 968 1887 tribui·
1011 1825 1319 1900 iherosolimorum
1333 1822 1469 1885 ootchoc
1483 1829 1609 1885 tortium
1622 1838 1691 1884 coo
1706 1819 1868 1894 ceccchot·

115 1905 181 1966 turi
196 1905 255 1967 Sed
270 1906 343 1969 licet
357 1907 407 1966 illa
422 1905 479 1985 (ut
493 1903 647 1983 divimus)
662 1904 839 1977 mendacia,
855 1907 969 1969 calum·
1011 1906 1166 1986 improbis
1179 1905 1366 1969 mortalium
1382 1902 1719 1984 applorottoottus.lt
1734 1919 1871 1984 coepe·

116 1988 248 2066 uiaeque
263 1990 345 2057 siut,
361 1987 480 2050 interim
508 1995 606 2050 tamen
621 1988 660 2048 ob
681 2003 715 2049 ca
731 1989 796 2067 ipsa
811 1989 967 2051 mandacio
1011 1989 1161 2053 tebontttr
1174 1989 1403 2068 cccccccccc·
1416 1987 1503 2065 filista
1516 2003 1607 2050 creos
1616 2003 1742 2061 semper
1754 1988 1868 2065 teleos

116 2069 358 2134 innumerabiles
373 2071 488 2148 populi,
505 2086 611 2150 regna,
629 2073 778 2147 nationes,
795 2073 886 2134 multa
902 2072 969 2133 mil·
1012 2079 1113 2143 essct,
1129 2074 1209 2152 quic
1233 2072 1307 2134 tcto
1329 2068 1486 2149 firvpilur,
1502 2071 1715 2150 propiorque
1738 2071 1869 2134 iosictc

116 2154 159 2214 lia
183 2153 349 2215 animarum
375 2152 484 2214 Christi
507 2153 659 2231 sanguine
684 2154 929 2233 redemptarum,
952 2171 968 2216 u
1011 2171 1095 2218 meo.
1110 2154 1170 2218 Sed
1185 2153 1269 2234 piget
1290 2168 1338 2214 me
1353 2160 1457 2226 carte,
1475 2154 1630 2231 pudetque
1645 2154 1714 2215 talia
1729 2151 1866 2228 rcierrc,

116 2234 227 2298 christi
243 2249 371 2314 corpore
385 2241 546 2312 separata,
570 2242 601 2298 et
613 2245 766 2314 tamquam
780 2237 854 2300 rami
869 2238 906 2298 ab
922 2253 968 2300 ar·
1014 2239 1130 2316 quihus
1150 2241 1252 2300 murco
1276 2235 1412 2316 undiquc
1443 2240 1562 2298 scatent
1586 2235 1703 2298 Erasini
1729 2235 1870 2302 lucubra-

1 2329 2 2336 ‘
116 2317 193 2379 bore
207 2319 234 2380 ri
250 2318 438 2396 tempestatis
453 2318 547 2380 avulsi
564 2325 595 2380 et
608 2318 729 2398 disiecti
743 2320 862 2398 jacent,
879 2325 909 2383 ei
923 2319 968 2382 iu·
1013 2318 1127 2382 tiones.¹
1787 2349 1791 2358 ²

116 2400 314 2469 starovium,
331 2415 409 2481 quae
424 2400 462 2463 ab
476 2400 546 2463 ovili
568 2416 625 2463 suo
640 2417 784 2479 egressae
797 2429 806 2476 ·,
822 2402 890 2467 sine
904 2403 968 2465 ullo
1051 2401 1115 2464 iam
1130 2417 1202 2465 vero
1216 2401 1361 2464 llarticus
1371 2399 1523 2464 Luthcrus
1536 2399 1568 2462 in
1580 2416 1723 2478 sermone
1735 2399 1774 2462 de
1787 2405 1868 2462 nata·

115 2488 292 2560 pasturum,
309 2497 455 2544 muumre
470 2483 623 2562 pracsidio
644 2483 674 2545 io
691 2485 845 2546 montibus
859 2502 968 2564 ragan·
1011 2485 1033 2546 li
1049 2487 1098 2548 dic
1113 2484 1246 2564 Virginis
1260 2483 1457 2554 ilariac,tanti
1471 2483 1543 2546 iecit
1556 2484 1757 2561 patrocinium
1768 2483 1872 2545 llalris

115 2574 175 2628 tur.
192 2565 385 2628 internatium
401 2566 693 2645 luporumqootidie
709 2567 921 2644 praedationi.
1013 2567 1091 2639 Dei,
1109 2573 1142 2631 oi
1155 2567 1300 2630 audacter
1326 2565 1429 2628 dicere
1456 2581 1516 2628 noo
1538 2565 1740 2639 dubitaverit,
1757 2581 1792 2627 se
1808 2582 1870 2628 non

157 2647 217 2708 Sed
233 2648 378 2723 quonlam
405 2647 521 2723 aliquid
535 2647 669 2734 diximus
693 2651 731 2712 de
757 2651 925 2714 mendaciis
939 2657 971 2713 ct
1013 2651 1110 2730 pluris
1125 2649 1285 2715 aestimare
1300 2664 1409 2727 preces
1424 2648 1456 2711 h.
1473 2648 1872 2729 itariae,quamcu1oslihet

111 2728 330 2803 calumniis,do
344 2730 491 2794 conviciis
505 2736 535 2792 ct
547 2731 739 2794 contumeliis
750 2733 864 2814 aliquid
877 2735 968 2796 ctiam
1013 2749 1030 2796 e
1045 2733 1172 2813 populo,
1188 2739 1349 2813 propterca
1363 2731 1446 2812 quod
1460 2746 1568 2794 omncs
1580 2735 1677 2793 simos
1689 2747 1786 2810 aeque
1799 2747 1871 2790 san·

108 2811 278 2873 dicendum
295 2811 364 2874 erit.
383 2812 461 2876 Sane
476 2817 576 2875 taulus
601 2820 649 2877 cst
662 2815 693 2876 in
710 2815 797 2877 tibris
820 2821 851 2878 et
878 2819 969 2879 mori·
1012 2818 1054 2879 cti
1068 2825 1099 2878 et
1110 2816 1186 2896 justi
1200 2820 1291 2894 atque
1307 2815 1371 2893 ipsa
1388 2814 1477 2893 Virgo
1491 2813 1594 2887 llario,
1607 2814 1782 2893 caeterique
1795 2813 1869 2887 divi,

111 2893 404 2956 hushaercticomm
421 2900 595 2958 sanctorum
611 2899 746 2960 omnium
762 2903 967 2978 contemptus,
1016 2899 1218 2979 quamtumvis
1234 2897 1349 2978 magni.

1 2981 2 2986 ’
112 2983 237 3053 tamque
253 2977 415 3039 horribiles
430 2979 729 3042 inomnescoclites
745 2979 965 3058 blasphemiae,
1053 2982 1178 3044 Desinat
1202 2995 1275 3059 ergo
1305 2977 1478 3040 Bernardus
1505 2977 1616 3041 llariae
1643 2975 1871 3058 praerogativas

1 3081 2 3100 2
110 3063 146 3118 ut
161 3073 218 3135 ego
234 3059 305 3120 hinc
319 3060 512 3136 potissimum
524 3063 720 3124 vehementer
731 3063 862 3126 admirer
872 3064 967 3126 divini
1012 3079 1203 3128 enumerare.
1216 3063 1281 3124 Non
1295 3061 1377 3123 dicat
1389 3057 1780 3140 ampliusdhrpsostomus.
1797 3059 1861 3122 iir-

111 3141 247 3202 numinis
263 3143 452 3219 patientiam.
468 3142 588 3216 Nam,ot
602 3145 832 3222 omittam,quod
849 3147 880 3207 in
893 3147 965 3208 imu·
1010 3148 1114 3223 gincm
1140 3147 1294 3225 deiparam
1319 3143 1469 3206 cherubin
1484 3159 1555 3206 esse
1570 3143 1795 3205 honoratiorem
1810 3189 1818 3214 ,
1835 3146 1867 3203 ct

111 3224 202 3301 gioes
225 3239 327 3285 sacras
352 3230 435 3286 tantu
450 3226 551 3288 lurore
579 3224 760 3300 Cairinistae
775 3228 965 3292 debacchari·
1011 3227 1156 3306 seraphia
1171 3227 1450 3304 incomparabiliter
1463 3225 1795 3305 gloriosiorem.Neque
1807 3241 1864 3286 ros

111 3314 181 3379 tur,
200 3311 232 3368 ul
246 3322 299 3367 eas
314 3307 452 3385 piurimis
466 3307 528 3388 jam
543 3308 573 3370 in
591 3310 666 3370 locis
690 3315 741 3372 aut
755 3312 877 3389 penitus
892 3327 964 3374 cun·
1011 3311 1063 3374 illa
1079 3309 1213 3374 anselmi
1227 3309 1375 3388 deinceps
1390 3309 1585 3371 audiaturrea
1601 3312 1731 3386 puritate
1743 3307 1867 3370 llariam

111 3387 280 3467 fregerint,
296 3397 348 3450 aot
363 3403 460 3451 coeno
485 3397 515 3451 et
534 3392 675 3453 sordibus
689 3391 896 3467 ioedaveriut,
912 3400 964 3458 aut
1013 3396 1186 3470 nitoreque
1201 3391 1298 3470 major
1318 3392 1375 3454 sub
1390 3393 1452 3453 lico
1465 3391 1572 3469 nequit
1591 3390 1734 3469 intellige
1752 3406 1822 3451 nam
1836 3407 1869 3451 o·

110 3470 210 3532 oculis
226 3470 359 3541 cliossis,
370 3471 556 3551 naribusque
572 3480 602 3535 et
615 3473 739 3536 auribus
753 3475 899 3538 truncatis
911 3477 963 3540 de·
1007 3493 1094 3540 moes
1109 3493 1216 3538 sumus
1230 3489 1328 3553 aeque
1341 3473 1415 3552 justi
1431 3479 1461 3536 et
1475 3473 1573 3536 sancti
1588 3479 1679 3551 atque
1694 3475 1761 3550 ipsa
1778 3472 1871 3551 Virgo

110 3552 316 3626 formaverint,
334 3560 367 3616 ut
382 3555 458 3616 nihil
474 3556 563 3616 etiam
579 3556 774 3636 dicam,qood
784 3558 885 3635 ipsum
897 3575 965 3623 eru·
1007 3559 1110 3620 biario.
1126 3557 1206 3621 tlthtt
1222 3573 1294 3638 ergo
1310 3557 1418 3618 llariae
1444 3555 1557 3634 proicit
1571 3601 1579 3622 .
1595 3557 1676 3633 quod
1694 3553 1788 3631 priua
1808 3562 1868 3616 tro·

110 3635 159 3698 cis
171 3636 293 3712 signum
306 3637 424 3716 angelis
439 3637 854 3712 reverendum,dacmonibus
865 3640 964 3704 lormi·
1007 3644 1141 3719 phacum
1155 3639 1336 3718 virginitatis
1351 3639 1458 3708 erexit,
1475 3637 1557 3715 quod
1574 3637 1671 3698 licum
1689 3636 1778 3715 Virgo
1794 3653 1868 3698 coo·

110 3717 252 3780 dolosum
267 3765 275 3792 ,
293 3719 427 3781 humano
442 3721 546 3800 generi
562 3721 714 3795 salutare,
731 3721 845 3800 ubique
860 3723 965 3804 dejici·
1008 3725 1100 3802 cepit,
1113 3725 1242 3802 peperit,
1259 3721 1414 3795 educavit;
1430 3719 1666 3797 quodomnium
1682 3733 1762 3796 pene
1779 3718 1869 3780 itine-

110 3807 177 3871 unt,
198 3808 382 3878 conspuunt,
401 3803 589 3880 proculcant,
605 3804 728 3866 utillud
744 3820 965 3886 quoqucprae·
1008 3823 1096 3877 rum,
1113 3806 1263 3878 laborum,
1279 3819 1493 3866 aerumnarum
1516 3808 1547 3864 et
1572 3802 1780 3864 molestiarum
1798 3801 1869 3881 ejus

111 3884 328 3962 tercam,quod
345 3885 432 3946 beata
448 3899 573 3962 corpora
590 3893 856 3966 sanctorumquac
872 3889 965 3969 majo·
1006 3904 1110 3952 comes
1124 3935 1132 3961 ,
1146 3889 1182 3948 ad
1198 3901 1320 3950 crucem
1336 3900 1434 3965 usquc
1450 3931 1458 3958 ,
1475 3884 1637 3962 discipulis
1653 3883 1868 3963 lugientibos,

108 3981 179 4026 rum
195 3974 365 4028 nostrorum
382 3969 480 4046 pietas
502 3967 598 4030 ttrecis
613 3970 737 4044 aurcis,
754 3977 844 4049 atque
859 3987 966 4050 argen-
1007 3972 1107 4049 ipsum
1122 3971 1445 4050 sequuta,martgriurn
1461 3966 1594 4047 denique
1607 3967 1840 4030 acerbissimum
1857 4013 1865 4038 ,

108 4047 170 4109 teis
185 4049 362 4120 incluserat,
379 4065 518 4128 quaeque
533 4051 686 4113 domicilia
701 4057 732 4114 et
746 4069 857 4132 organa
874 4054 966 4132 spirt-
1007 4055 1121 4118 doloris
1136 4054 1237 4134 gladio
1263 4053 1378 4114 viscera
1401 4049 1470 4128 ejus
1496 4055 1697 4128 penetrante,
1714 4050 1865 4126 suscepit.

109 4137 162 4192 tus
177 4133 274 4193 sancti
291 4132 458 4206 lucrant,et
472 4149 549 4210 quac
565 4134 647 4196 licus
662 4135 760 4213 siguis
774 4142 806 4198 ct
819 4135 966 4215 prodigiis
1007 4137 1079 4200 liarn
1094 4138 1162 4199 sinc
1177 4140 1219 4198 tot
1231 4133 1386 4196 laboribus
1397 4147 1504 4194 omncs
1517 4148 1623 4194 sumus
1635 4147 1734 4210 aeque
1742 4131 1819 4212 justi
1835 4140 1866 4194 ct

109 4214 237 4292 saepius
254 4215 469 4287 illustraverat,
486 4214 545 4294 ipsi
561 4217 675 4296 ubique
690 4217 835 4280 altaribus
850 4218 965 4282 eversis
1006 4221 1102 4283 sancti
1118 4227 1210 4298 atque
1222 4217 1287 4296 ipsa
1305 4217 1392 4295 Virgo
1406 4215 1509 4276 llaria.
1536 4213 1609 4277 Sine
1623 4230 1735 4276 caussa
1762 4214 1870 4278 Petrus

112 4293 274 4366 elladiunt,
291 4295 421 4358 nammis
437 4297 610 4372 absumunt,
627 4302 657 4360 in
674 4299 875 4379 profluentem
889 4301 966 4382 uhji-
1006 4301 1348 4378 etPaulus,caeterique
1363 4297 1493 4376 apostoli
1510 4301 1591 4360 lauto
1607 4296 1711 4362 labore
1724 4296 1762 4360 ad
1774 4312 1867 4362 evan·

111 4379 208 4440 ciunt.
225 4377 261 4439 tlt
276 4379 343 4446 ista,
360 4380 494 4457 iuquam,
511 4383 610 4442 omnia
626 4383 906 4458 praetermitterent
916 4401 965 4447 so·
1005 4385 1120 4462 gelium
1142 4382 1404 4446 disseminandum
1428 4380 1534 4442 orbem
1560 4386 1706 4442 terrarum
1723 4395 1871 4459 peragra-

108 4459 175 4522 lum
190 4463 228 4522 dc
243 4464 437 4524 contumetiis
451 4463 610 4526 verborum
623 4465 963 4545 loquarziluidquaeso,
1006 4474 1099 4541 ront;
1116 4467 1224 4529 irusira
1236 4457 1387 4543 'martyres
1403 4463 1584 4540 sauguinem
1600 4479 1689 4524 suum
1706 4478 1760 4539 pro
1776 4462 1863 4526 dhri-

106 4541 253 4606 Erasmus
270 4545 496 4620 lioterodamus,
507 4563 545 4608 an
562 4563 622 4608 nun
637 4547 763 4610 Luciani
781 4550 963 4627 impietatem
1008 4558 1055 4612 sto
1071 4549 1224 4624 ludcroot3
1237 4549 1345 4610 inanes
1360 4547 1480 4624 vigiliae
1495 4592 1503 4619 ,
1518 4545 1647 4625 jejunia,
1666 4545 1865 4621 solitudines,

107 4625 204 4704 lungo
219 4628 376 4689 intervallo
391 4629 571 4706 superavit?
586 4630 640 4693 lile
655 4631 736 4692 enim
752 4628 832 4692 Deos
847 4631 961 4703 lalsos,
1007 4633 1089 4694 humi
1105 4633 1302 4705 cubationes,
1320 4629 1440 4691 horridi.
1451 4629 1552 4702 sacci,
1568 4627 1690 4690 assidua
1706 4645 1776 4690 cum
1793 4627 1865 4692 dac·

105 4723 241 4787 vereque
257 4709 405 4771 ridiculos
416 4711 560 4773 irrisit:ht
574 4729 670 4775 nurus
682 4713 739 4774 istc
751 4711 901 4776 Lucienus
913 4730 962 4776 vc·
1006 4715 1148 4776 monibus
1165 4715 1243 4776 belia
1258 4720 1431 4776 sanctorum
1457 4713 1709 4773 anachoretarum
1725 4711 1860 4783 iuenuui,

108 4805 163 4851 ros
178 4793 353 4870 angelorum
370 4793 464 4864 cives,
481 4795 605 4872 verique
617 4796 670 4858 liei
683 4797 798 4858 amicos
812 4801 843 4858 ci
857 4796 960 4858 donre-
1006 4799 1149 4875 quoniam
1174 4798 1242 4860 sine
1259 4801 1300 4857 tot
1325 4793 1481 4856 laboribus
1496 4799 1527 4854 et
1547 4794 1734 4863 sudoribus,
1752 4793 1862 4856 lotho-

106 4873 225 4942 sticos.
244 4879 277 4936 ut
299 4876 456 4953 apostolus
481 4877 634 4956 loquitur,
650 4878 961 4942 contumeliosissime
1006 4881 1071 4941 rani
1097 4882 1293 4959 quiescentes
1319 4877 1447 4940 domiin
1464 4878 1625 4938 uxorculae
1651 4877 1722 4938 sinu
1737 4882 1768 4938 ct
1782 4892 1866 4937 curn·

104 4957 257 5019 tractavit.
1008 4964 1111 5040 plexu,
1124 4963 1205 5025 hene
1221 4963 1317 5040 pusii,
1333 4961 1475 5037 beneque
1492 4959 1576 5037 poti,
1593 4958 1713 5020 coelum
1729 4959 1862 5034 rapiunt,

147 5035 182 5097 ln
195 5040 359 5116 colloquio,
377 5044 457 5117 quod
474 5042 641 5121 inscripsit,
658 5040 962 5124 Naufragiumqucn·
1010 5051 1040 5106 ct
1058 5060 1155 5124 acque
1170 5047 1267 5106 sancti
1282 5052 1312 5107 et
1322 5041 1398 5122 justi
1414 5046 1486 5102 suot
1510 5045 1601 5120 atquc
1614 5042 1682 5119 ipsa
1697 5039 1786 5120 Virgo
1801 5041 1862 5102 ila-

104 5118 181 5180 darn
197 5120 360 5184 introducit
384 5125 511 5186 alterum
535 5127 794 5206 interrogantem,
813 5143 848 5186 arr
864 5126 962 5188 immi·
1007 5129 1062 5196 ria,
1079 5127 1252 5206 caeterique
1267 5126 1339 5198 divi,
1353 5123 1547 5204 quantumvis
1563 5123 1677 5200 magui.

6 5259 7 5274 ,
104 5207 202 5265 nenic
228 5205 333 5268 mortis
358 5205 496 5282 periculo
523 5207 728 5285 imploraverit
751 5208 881 5288 aiicujus
900 5210 959 5270 divi
1046 5210 1210 5272 lleoiarnus
1226 5211 1263 5273 ad
1278 5208 1582 5286 magdeburgensem
1612 5206 1670 5282 ipsi
1696 5204 1778 5266 enirn
1796 5214 1868 5268 sunt

104 5286 313 5362 praesidium?
328 5288 502 5366 liespondct
514 5291 623 5354 illezlie
635 5293 673 5354 id
686 5293 828 5372 quidem.
845 5289 959 5365 Quone·
1007 5293 1152 5372 praeclari
1169 5294 1225 5364 itti,
1255 5287 1542 5372 religiosissimique
1563 5286 1723 5360 historici,
1755 5305 1807 5368 qur
1837 5290 1867 5350 in

6 5397 8 5436 ι
100 5366 216 5431 obrem
244 5372 380 5432 comm?
407 5370 526 5452 inquit,
550 5374 823 5453 qcicepottosom
834 5381 879 5436 cet
893 5392 961 5436 coc·
1008 5377 1109 5454 priore
1130 5375 1208 5438 libro
1223 5377 1337 5454 primae
1353 5371 1515 5436 centuriae
1529 5416 1538 5442 ,
1554 5371 1626 5432 dum
1652 5369 1762 5432 Christi
1780 5371 1866 5432 vitam

6 5495 8 5504 ,
108 5450 205 5526 larmr
230 5454 260 5514 si
284 5455 338 5515 eoi
366 5454 514 5517 diuorum
536 5459 803 5519 commendavero
825 5459 962 5522 solutum
1008 5467 1174 5536 exponunt,
1192 5459 1223 5520 h.
1239 5458 1361 5520 llarlam
1378 5469 1475 5530 usque
1491 5453 1567 5516 adeo
1579 5454 1709 5532 graviter
1720 5452 1867 5532 deliquis·

6 5565 9 5604 ι
105 5549 219 5594 mecm
233 5581 240 5603 ,
255 5543 337 5612 pota
352 5535 444 5598 Petro
458 5583 466 5611 ,
483 5541 563 5618 quic
574 5540 707 5616 tortosae
721 5543 812 5616 prius
828 5543 960 5610 audiet,
1008 5559 1043 5604 sc
1058 5542 1172 5612 volunt,
1190 5557 1257 5604 oum
1270 5539 1365 5602 lilium
1378 5539 1408 5599 in
1422 5536 1534 5613 templo
1546 5538 1657 5606 aurisii,
1670 5542 1702 5596 ut
1712 5535 1781 5616 ejus
1799 5555 1867 5615 pec·

7 5661 10 5672 .
105 5619 297 5693 qrtodcdvst
310 5620 961 5700 ostioprittsqoorniliccortocttictlieorn:
1009 5632 1107 5686 cuturn
1124 5641 1193 5684 curn
1206 5623 1258 5684 iilo
1280 5626 1377 5702 primo
1402 5625 1432 5682 et
1448 5619 1626 5698 gravissimo
1647 5619 1727 5680 Erae
1743 5629 1868 5695 peccatu

7 5731 10 5772 t
101 5701 299 5786 ptt'teqoom
324 5713 466 5782 ecrrooct
481 5723 649 5782 cocceam,
664 5723 720 5786 opu
739 5705 812 5781 jem
824 5708 962 5792 periore.
1012 5726 1071 5774 corr
1085 5707 1184 5772 soluto
1201 5723 1374 5788 comparere
1391 5719 1450 5768 nou
1468 5709 1623 5778 militet,
1650 5704 1705 5766 ⁵011
1728 5701 1819 5766 iiiiii
1837 5723 1870 5770 u·
