4098 6294
829 341 930 404 ttttltit
946 341 1071 404 antuus
1720 339 1772 395 lbi

395 471 517 547 imur
539 473 594 544 tit.
713 493 715 500 ·
842 505 843 510 =
977 477 1110 552 paeraat
1124 476 1230 536 anatra
1245 469 1679 554 expressamprclailtitiaaem
1693 469 1843 532 ιιιιιιι·

977 568 1062 620 nouat
1085 554 1116 616 i.
1132 555 1345 629 inuenerunt,
1358 555 1470 635 iuquit,
1485 553 1547 618 rub
1566 553 1687 624 maleit
1711 551 1846 630 ιιιιιιιιρ

124 637 360 720 rusucurium
374 653 442 708 ιιιι
454 639 616 719 prolum·
628 653 673 706 ιι
689 637 867 718 eudemon
978 644 1105 705 ιιοιιιιι
1116 639 1157 700 de
1171 639 1322 702 demasic
1335 638 1525 711 idolorum,
1542 651 1630 716 quoe
1651 634 1745 714 eptrd
1756 633 1848 696 lum·

332 720 665 792 Talauratlcetcria,
970 717 1238 797 admiscerent,
1255 720 1411 802 uquibcc
1436 720 1493 782 leur
1514 717 1665 797 probibet
1688 715 1854 783 iudaeos.-

843 818 846 825 ’
972 801 1215 878 omuibusarqu
1235 801 1435 865 manifestum
1452 801 1570 864 lactum
1597 804 1669 872 ast,
1695 797 1736 860 ob
1763 798 1844 866 buno

101 888 237 962 Primum
251 883 345 964 initur
358 883 570 962 carcerarium
582 897 668 958 esse.
684 881 823 961 quiaque
834 898 929 964 qena-
971 899 1115 947 oaussam
1131 883 1367 957 adscendisse,
1384 899 1458 961 erqo
1479 883 1528 944 rel
1543 881 1771 960 superstiosuur
1785 878 1843 942 luit

59 971 150 1034 ribus
161 971 412 1049 argumentorum
428 965 644 1043 prouentum.
659 963 832 1030 lueremus
845 966 930 1030 enirn
972 965 1086 1029 iactum
1102 965 1288 1039 hesiodea,
1305 967 1353 1027 acl
1370 981 1433 1028 uon
1448 970 1573 1026 orarunt
1585 970 1618 1026 ut
1631 962 1751 1025 animas
1772 961 1845 1023 illus

60 1054 176 1130 primo,
199 1049 373 1126 Scripturas
394 1047 582 1115 testamenti
608 1048 734 1114 celeris.
758 1047 927 1124 meando,
969 1047 1114 1127 iurarent
1127 1093 1136 1116 ‚
1151 1047 1209 1108 sed
1225 1048 1330 1109 solum
1346 1045 1779 1125 utseipsosccusulureulur.

60 1134 237 1214 Scripturas
248 1130 434 1200 Testamenti
450 1129 531 1196 nori.
546 1128 660 1202 Tertio,
675 1129 820 1194 coneilio.
834 1129 930 1203 Quor,
1015 1127 1121 1201 Sexto,
1136 1129 1209 1207 quia
1225 1145 1288 1191 non
1305 1128 1460 1207 sequitur:
1485 1134 1605 1192 oratum
1635 1133 1666 1189 ct
1693 1123 1847 1187 sacrifica·

59 1223 104 1290 to,
122 1216 239 1286 Patres.
251 1211 377 1288 Quinto,
399 1210 547 1284 rationes,
564 1216 595 1274 et
606 1217 670 1274 lum
693 1211 818 1276 domum
830 1212 931 1276 scira·
973 1215 1037 1274 lam
1053 1216 1101 1272 est
1115 1225 1172 1288 pro
1188 1210 1329 1284 mortuis,
1347 1221 1423 1290 ergo
1434 1211 1565 1272 erautiu
1578 1206 1845 1287 purgatoriomam

59 1314 134 1360 mus
146 1297 337 1374 argumenta.
351 1291 473 1354 Primus
488 1294 576 1354 locus
593 1291 724 1354 babetur
738 1292 769 1358 2.
785 1292 929 1356 naeuca.
973 1295 1151 1372 potuerunt,
1168 1307 1225 1370 pro
1240 1292 1355 1370 quibus
1372 1291 1528 1364 orabatur,
1552 1307 1625 1354 esse
1648 1289 1681 1350 iu
1694 1288 1816 1351 iuleruc
1833 1333 1842 1359 ‚

59 1397 133 1459 cap.
152 1378 203 1450 ιι.
216 1376 270 1440 ubi
282 1379 484 1454 posteaquem
496 1373 651 1452 Scriptura
664 1372 807 1448 narrarit,
821 1373 931 1439 ladem
974 1379 1006 1436 et
1019 1374 1252 1452 potueruatqui
1268 1375 1407 1448 orabant,
1425 1388 1514 1436 arara
1543 1377 1576 1434 et
1603 1369 1791 1442 manicare,
1813 1377 1847 1432 ul

60 1459 284 1532 Uacbabaoum
300 1454 424 1528 misisse
447 1456 478 1518 in
494 1454 690 1524 Hierusalem
706 1452 833 1526 tutuo.
863 1457 933 1518 dra·
975 1455 1060 1534 pium
1075 1471 1149 1533 erne
1165 1469 1222 1518 eos
1233 1454 1388 1527 allectum,
1406 1461 1437 1517 et
1451 1454 1632 1518 memorium
1648 1451 1854 1517 ostenderent

60 1545 225 1614 obruamur
241 1537 362 1619 argenti
376 1538 408 1601 ln
424 1536 573 1604 sacriticia
589 1553 647 1614 pro
672 1536 801 1604 mortuis
816 1551 931 1616 expen-
974 1537 1143 1614 etseipses
1159 1537 1411 1603 consolarentur.

59 1626 178 1696 deado,
194 1621 379 1701 coniungor
394 1619 515 1690 seuera
529 1633 605 1698 erqo
618 1617 804 1684 creoluoria
819 1625 865 1684 cst
879 1635 931 1682 ao·
1018 1619 1169 1698 Septimo,
1187 1619 1259 1699 quia
1275 1617 1432 1698 Scriptura
1456 1618 1514 1681 ista
1530 1631 1593 1680 trun
1609 1616 1730 1697 prolert
1743 1615 1848 1695 lenem

57 1708 178 1786 pitatio
190 1721 253 1786 pro
274 1698 436 1780 minuetis
451 1716 605 1774 ouurure,
627 1704 666 1766 tit
679 1717 703 1764 o
715 1701 856 1778 peccoris
869 1701 931 1764 col·
976 1700 1122 1779 aliquam,
1138 1707 1190 1763 aut
1204 1701 1377 1774 decretum,
1402 1700 1458 1764 scd
1474 1701 1579 1762 solum
1602 1699 1697 1763 unius
1713 1697 1852 1760 osculata

59 1795 198 1852 coutur-
605 1813 607 1820 ·
976 1783 1168 1861 exemplum,
1182 1798 1245 1846 uon
1257 1787 1401 1845 tenemur
1414 1788 1518 1844 autern
1533 1782 1658 1855 imitari,
1681 1781 1777 1842 immo
1792 1795 1852 1842 nea

105 1869 184 1934 ilinc
199 1865 284 1930 euim
299 1863 453 1942 sequitur.
469 1862 682 1932 Primorl’usse
709 1868 848 1926 mortuus
862 1867 934 1941 post
976 1879 1148 1945 possumus
1172 1865 1276 1928 emnia
1298 1864 1440 1942 exempla
1471 1863 1712 1943 scripturarum.
1745 1860 1852 1940 Neque

59 1952 145 2016 bano
160 1951 251 2012 uitam
267 1945 432 2026 apeooetis
454 1945 532 2010 seiri
549 1990 558 2018 ‚
581 1951 612 2008 el
628 1944 759 2022 proinde
775 1959 846 2010 esse
862 1962 934 2024 pur·
978 1948 1080 2010 obstat
1101 1947 1185 2025 quon
1200 1945 1343 2010 laudatur
1357 1947 1416 2008 huc
1433 1946 1502 2008 luco
1518 1946 1699 2024 exemplum
1723 1942 1821 2006 iudae
1842 1960 1854 2018 3

59 2032 229 2112 potorium.
243 2028 399 2098 Secundo:
413 2025 617 2098 Sacrificium
630 2028 786 2092 orationes
798 2025 934 2091 uirorum
952 2057 955 2060 ·
980 2045 1052 2090 uam
1067 2027 1100 2090 iu
1116 2027 1229 2090 eodem
1245 2026 1327 2090 libro
1341 2026 1484 2089 laudatur
1509 2028 1688 2107 exemplum
1718 2022 1825 2090 dariae
1843 2071 1852 2098 ‚

61 2115 218 2194 prodesse
232 2109 401 2180 deluualia.
418 2108 531 2172 Tertius
548 2107 615 2172 Non
630 2109 747 2187 expiari
763 2123 888 2186 semper
902 2109 936 2174 ln
980 2111 1036 2189 qul
1051 2125 1086 2172 se
1102 2108 1228 2182 oouidit,
1243 2109 1279 2175 ι.
1300 2107 1442 2171 iiocbab.
1460 2108 1510 2172 li.

61 2201 165 2261 morta
179 2207 289 2264 omnes
304 2195 501 2270 peccatorum
517 2189 693 2268 reliquias,
723 2194 757 2251 ul
783 2190 935 2256 lutherus
1017 2191 1061 2254 ld
1077 2192 1210 2269 primum
1226 2190 1311 2263 dico,
1329 2191 1387 2252 tib.
1417 2189 1673 2254 machabaeorum
1699 2204 1763 2251 nau
1782 2202 1856 2252 aare

59 2278 162 2350 dicit:
178 2275 252 2346 licon
267 2273 317 2344 isti
334 2287 390 2350 pro
411 2273 527 2350 quibus
543 2271 623 2338 orari
636 2270 742 2350 jussit,
770 2275 881 2338 mortui
901 2287 935 2334 e·
978 2274 1162 2338 mannicum
1179 2272 1262 2351 apud
1278 2271 1435 2348 iudaeos,
1462 2273 1520 2334 sed
1547 2273 1630 2350 apud
1661 2269 1855 2334 Christianos

61 2366 134 2422 rant
148 2362 247 2428 morta
262 2355 406 2426 violente,
421 2360 455 2415 el
470 2351 715 2432 naereticorum,
744 2357 845 2416 tomen
868 2367 935 2418 ore·
979 2371 1064 2429 esse,
1080 2355 1239 2432 siquidem
1265 2353 1410 2417 iiuolesia
1425 2354 1572 2418 uniuersa
1601 2355 1678 2435 legit
1707 2353 1794 2415 buno
1819 2351 1857 2414 li«

61 2441 160 2504 debat
173 2438 267 2500 ludas
279 2437 381 2498 adbuc
396 2435 468 2504 illos
491 2450 553 2504 uon
570 2435 664 2512 plene
679 2448 751 2498 esee
774 2441 933 2513 parparus.
980 2435 1072 2498 briam
1084 2437 1115 2498 iu
1132 2435 1238 2508 missa,
1256 2439 1287 2498 et
1300 2435 1425 2516 legebat
1440 2436 1505 2516 jam
1531 2437 1629 2512 olim,
1654 2441 1689 2498 ut
1716 2440 1801 2512 patet
1815 2449 1855 2497 ιι

62 2523 203 2598 Quarto:
219 2519 316 2592 Posse
330 2515 492 2586 hominem
507 2519 616 2586 sanato
637 2521 669 2582 ol
697 2514 749 2592 pie
779 2516 856 2579 mori
874 2559 882 2589 ‚
905 2521 937 2578 et
980 2517 1111 2596 epistola
1125 2517 1203 2580 Petri
1219 2517 1438 2592 dluuiaceusis
1453 2524 1560 2580 contra
1576 2517 1853 2590 Petrcbrusiauos‚

62 2611 169 2672 ιιιιιι
192 2600 307 2664 ιιιιιι
333 2597 473 2670 debitum
499 2595 627 2678 aliquod
652 2597 861 2670 soluendum,
886 2597 936 2662 tel
981 2599 1326 2677 ettomcaprulribitum
1338 2599 1437 2662 iterat
1453 2601 1483 2661 in
1497 2600 1632 2662 ennodio
1646 2598 1701 2660 ill.
1715 2600 1853 2678 carthag.

61 2689 193 2765 propter
207 2681 337 2756 centallo
352 2685 479 2758 peccalo
495 2695 557 2749 noo
571 2677 703 2750 remisse
729 2679 761 2743 io
787 2680 858 2752 rita.
885 2679 936 2745 rei
981 2698 1050 2760 cap.
1066 2680 1119 2744 dl.
1136 2695 1176 2744 ue
1197 2681 1282 2744 ullus
1303 2681 1384 2745 liber
1397 2683 1555 2762 legeretur
1576 2683 1608 2744 ia
1624 2681 1768 2745 licclosia
1795 2683 1856 2743 sub

62 2772 197 2847 propter
225 2761 468 2838 sulislaollonern
497 2775 554 2838 pro
581 2759 763 2828 mortalibus
791 2760 935 2824 remissis
981 2762 1107 2826 nomiae
1123 2761 1298 2833 divinorum
1314 2763 1736 2836 libmrum‚uieieaucuicua
1752 2770 1852 2826 esset.

62 2865 130 2913 uon
147 2849 240 2928 pierre
253 2843 420 2922 conlatam:
437 2841 679 2936 llamtsoriptura
694 2842 756 2910 lton
770 2841 839 2906 loeo
862 2841 938 2908 dicit
980 2845 1140 2908 Praeterea
1156 2859 1226 2906 eum
1243 2851 1388 2908 numerat
1399 2861 1470 2920 oum
1486 2845 1599 2909 divinis
1611 2847 1712 2917 libris,
1726 2859 1764 2906 er
1779 2859 1853 2906 oon·

63 2947 137 3004 eos,
148 2946 204 3008 pru
220 2941 351 3004 quumm
362 2925 500 3004 peccetis
511 2927 606 3004 russii
627 2924 706 2990 orari
720 2921 839 2998 iuras,
865 2939 940 2987 cum
981 2927 1062 2990 uitiis
1074 2926 1304 3006 cauuaqiucns.
1318 2926 1375 2990 111.
1392 2943 1504 2991 eonon.
1517 2928 1570 2990 ii.
1584 2943 1623 2991 ex
1636 2925 1852 3008 pontificibus,

63 3014 182 3092 pietate
198 3007 416 3082 dormitionem
435 3005 610 3086 recepisse.
626 3004 764 3085 Quinto:
783 3005 850 3070 lion
862 3019 936 3073 esna
981 3008 1184 3072 innocentius
1198 3009 1224 3072 l.
1249 3009 1280 3071 iu
1296 3009 1390 3088 epist.
1414 3011 1451 3072 ud
1469 3010 1681 3089 drepanum,
1705 3024 1775 3087 cap.
1791 3009 1855 3072 ult.

64 3095 108 3157 de
124 3093 198 3166 ιιι.
982 3105 1021 3154 ιι
1037 3089 1188 3164 Patribus,
1211 3089 1343 3170 August.
1360 3091 1417 3154 lib.
1433 3091 1483 3154 tn.
1498 3094 1537 3154 de
1553 3091 1617 3158 Gir.
1641 3092 1697 3154 lici
1713 3107 1781 3168 cap.
1799 3091 1851 3154 on.

108 3175 153 3244 ιι
176 3176 259 3244 nunu
274 3171 376 3239 locum
391 3167 584 3250 respondent
607 3169 786 3238 adremaro.
807 3169 936 3243 Primo.
983 3173 1036 3238 ubi
1052 3174 1098 3236 ιιι
1113 3173 1175 3235 ait:
1198 3172 1310 3236 libror
1335 3174 1610 3237 Moeiclecoaum
1621 3189 1694 3238 ιιιιι
1705 3172 1853 3249 mnam,

65 3258 185 3326 librum
199 3255 285 3326 banc
297 3269 359 3319 uon
371 3268 443 3320 esse
458 3254 733 3328 macetranorum
748 3253 940 3330 auctoriosa
982 3259 1041 3320 sed
1055 3256 1202 3318 Ecclesia
1214 3269 1277 3335 pru
1292 3257 1464 3323 cononicis
1475 3257 1582 3320 nudat.

64 3342 101 3401 iu
125 3339 188 3404 line
200 3337 271 3404 libri
284 3335 404 3408 ioniam
417 3339 512 3414 palat.
529 3336 556 3394 si
567 3349 629 3413 qua
655 3333 687 3399 io
713 3351 747 3399 oe
763 3336 935 3398 currerit:
1024 3338 1069 3400 lin
1082 3338 1197 3416 quibus
1219 3338 1405 3400 testimoniis
1420 3338 1575 3402 retellltur
1590 3336 1786 3402 mendacium
1800 3336 1855 3398 im·

62 3422 168 3500 erqo,
184 3419 296 3499 inquil,
313 3417 468 3498 Boeotius,
484 3415 599 3486 daura
623 3415 677 3477 itta
699 3417 834 3482 nautum
847 3417 939 3496 qood
983 3419 1243 3498 pudentissimum
1259 3419 1385 3499 Oobiul,
1404 3421 1458 3500 qui
1481 3422 1513 3482 in
1542 3421 1666 3499 dialogo
1687 3421 1725 3482 da
1740 3428 1854 3498 purga·

63 3502 239 3574 mouent,
250 3495 495 3578 edmeullrupiu
506 3513 568 3576 pro
580 3497 744 3574 defunctis
756 3498 917 3562 luuduoil.
982 3501 1062 3563 torio
1074 3502 1120 3564 sic
1135 3503 1197 3563 ait:
1215 3501 1306 3578 Quod
1320 3503 1592 3584 apocrypharius,
1610 3519 1655 3566 ιιι
1673 3501 1857 3564 laodicensi

108 3585 268 3654 Secundo,
284 3582 355 3660 quia
371 3580 481 3673 saltem
496 3579 572 3640 haec
585 3594 655 3657 pars
671 3592 733 3674 non
749 3585 939 3656 potestesse
985 3591 1014 3646 et
1028 3583 1182 3660 olriacum
1206 3587 1332 3665 mitoda
1346 3586 1560 3660 menifestum
1572 3590 1629 3655 cet,
1644 3585 1746 3646 immo
1762 3599 1806 3646 em
1821 3599 1855 3645 c·

61 3665 352 3744 maooicoiouncle
366 3667 396 3756 ei
407 3676 467 3756 pue·
477 3659 518 3722 de
528 3665 764 3725 resurectione
778 3663 936 3740 ooqltuua,
983 3665 1118 3730 mnibus
1128 3668 1231 3728 sacris
1246 3666 1431 3730 doctoribus
1441 3667 1501 3746 qui
1510 3681 1683 3731 somonam
1694 3664 1860 3728 librorum:

61 3749 240 3819 niaieuirn
262 3759 386 3822 eosque
399 3742 840 3838 ecerdercutrerurreoturos
863 3759 935 3822 spc-
984 3746 1464 3824 ectulooumpcrccuserctendo
1478 3747 1714 3811 olacionarius
1727 3747 1856 3809 nullum

60 3836 169 3898 roret.
180 3827 385 3907 superfluum
398 3825 590 3896 ιιιιιιιιιι,
607 3829 638 3888 ιι
651 3838 777 3888 cauum
803 3841 865 3904 pro
880 3827 935 3890 de·
979 3828 1855 3910 mentiouemruciuut.liaecille.Quiquamapertemeu·

61 3911 188 3990 {buado
201 3924 299 3984 ornae
312 3905 326 3988 l
340 3905 480 3970 eontinet
494 3907 577 3968 enim
590 3906 782 3985 exploratum
798 3923 936 3973 errorem
981 3909 1083 3982 tiator,
1099 3911 1190 3973 iacile
1205 3917 1385 3991 cognoscet,
1399 3913 1453 3992 qui
1467 3913 1580 3991 loqerit
1593 3911 1765 3990 carthagin.
1779 3927 1853 3973 ooo·

63 3993 153 4074 quod
166 3990 310 4066 nimirum
332 3989 452 4083 atrimae
466 4005 536 4054 cum
559 3987 743 4066 corporibus
769 3988 938 4052 moriautur
983 3992 1089 4054 uilium
1105 3991 1248 4073 lli.quod
1266 3993 1405 4056 ucuiaus
1420 3995 1595 4058 Africanum
1608 3999 1708 4066 rouel,
1723 3998 1754 4059 el
1765 4007 1853 4071 pree·

63 4070 597 4154 etresurqont,alroqu1uonesset
622 4070 812 4148 superfluum
836 4079 865 4134 et
889 4089 937 4132 ra·
984 4081 1066 4136 tcrea
1081 4075 1298 4138 iuuet-eutium
1313 4077 1385 4138 luco
1397 4076 1501 4150 citato,
1519 4075 1684 4157 Angustia.
1697 4075 1751 4136 lib.
1765 4074 1797 4136 ι.
1814 4076 1853 4137 ιι
1936 4069 1941 4082 “

62 4173 144 4220 uum
158 4171 248 4218 orara
262 4167 318 4233 itio
341 4152 482 4228 mulinis,
506 4152 627 4217 etiamsi
644 4167 704 4222 nuo
722 4161 935 4230 resumerent.
983 4156 1120 4220 doctrine
1138 4159 1304 4221 christiana
1320 4175 1388 4237 cap.
1405 4157 1437 4221 8.
1454 4157 1610 4222 Gelasium
1625 4158 1656 4219 in
1673 4157 1799 4219 decreta
1813 4156 1854 4218 de

64 4235 329 4308 auditurorum,
346 4251 383 4306 en
399 4234 456 4308 bea
484 4237 551 4312 ipsa
575 4233 725 4313 particula
752 4236 816 4297 tulli
843 4251 937 4312 posse
983 4238 1073 4302 libris
1085 4240 1345 4318 canonicisqund
1361 4240 1459 4302 edidit
1475 4242 1506 4303 in
1523 4240 1660 4304 concilio
1675 4236 1855 4317 inepisce-

62 4320 295 4402 purnalorluntt
312 4317 382 4392 nau
399 4316 425 4385 si
442 4318 650 4394 numerorum
676 4323 782 4390 asael,
814 4317 935 4386 etiamsi
985 4336 1107 4400 purum,
1123 4319 1278 4388 isidorum
1304 4321 1361 4383 lib.
1378 4321 1408 4384 l.
1426 4322 1709 4402 etymologiarum,
1734 4337 1803 4400 cap.
1823 4321 1852 4382 l.

63 4402 257 4468 resurreetio
272 4405 460 4464 mortuorum
474 4415 534 4460 nou
551 4401 647 4470 assei,
667 4414 729 4460 uon
746 4405 846 4462 taurea
862 4398 938 4464 iuis·
983 4402 1241 4482 atrosquanaucc
1253 4419 1269 4465 a
1283 4404 1373 4467 nobis
1385 4404 1494 4469 citatos
1509 4405 1566 4467 lib.
1583 4402 1768 4467 ldeierbo
1783 4401 1852 4477 liei,

64 4491 119 4560 set
134 4499 247 4548 aunum
258 4497 345 4546 orare
360 4497 416 4560 pro
433 4481 561 4552 mortuis
575 4525 583 4549 .
599 4481 670 4560 quia
694 4480 862 4558 proluissct
876 4481 939 4544 iilis
984 4500 1054 4564 cap.
1072 4484 1123 4548 li.
1542 4490 1543 4493 ’

65 4566 168 4632 οιιιίι
182 4567 220 4629 ad
236 4563 453 4628 liberationem
474 4578 489 4622 ι
507 4561 618 4654 poenis
631 4565 809 4638 purgatorii.
1025 4565 1205 4644 Respondet
1218 4565 1326 4629 Petrus
1351 4567 1463 4647 durior
1478 4569 1510 4631 in
1526 4583 1583 4648 cap
1605 4568 1636 4630 ι.
1664 4568 1694 4630 l.
1710 4566 1850 4631 desistir.

111 4648 228 4720 Tertio,
244 4645 315 4722 quio
328 4644 378 4708 illa
394 4644 577 4706 conclusio:
606 4641 729 4708 Saudo
752 4659 828 4721 mpo
843 4648 873 4708 cl
884 4659 939 4710 nu·
983 4646 1024 4712 ab
1040 4647 1222 4728 Augustino,
1240 4653 1271 4711 et
1284 4647 1424 4713 licelesia
1436 4650 1504 4729 ipsa
1521 4651 1605 4713 iruue
1630 4650 1743 4713 librum
1767 4664 1854 4710 reue·

67 4729 175 4802 ιιιιιιι
190 4734 235 4798 ιιι
248 4726 401 4805 capitolio
416 4730 476 4788 etc.
493 4741 556 4788 nou
572 4724 692 4790 ridetur
706 4723 938 4795 nistoricccon·
986 4735 1073 4809 plum
1089 4731 1119 4794 io
1132 4745 1296 4807 naconem,
1310 4747 1372 4794 uun
1386 4749 1494 4796 eorum
1506 4733 1668 4806 librorum,
1686 4733 1738 4810 qui
1751 4729 1855 4791 calent

66 4812 234 4882 reniteat
248 4809 324 4872 iorte
350 4811 416 4869 erat
436 4807 592 4870 annuntio
612 4806 716 4886 aliqua
745 4808 934 4888 marcionis,
985 4811 1022 4874 ad
1040 4810 1247 4876 confirmanda
1263 4813 1428 4894 dogmata,
1459 4816 1517 4878 sad
1542 4829 1650 4878 eorum
1676 4814 1728 4892 qui
1751 4812 1855 4874 ualeat

66 4893 189 4960 ettnde
202 4891 360 4982 intertium
376 4885 527 4982 violenter
540 4888 658 4982 intruso
671 4893 730 4951 ιιι.
984 4892 1022 4954 ιιι
1037 4907 1159 4955 morum
1175 4893 1433 4969 aedificationem,
1450 4891 1618 4976 et'prubal:
1633 4895 1704 4975 quio
1720 4895 1849 4973 August.
1896 4911 1902 4916 ·

111 4974 239 5067 iltrttrlu²
257 4985 327 5050 quta
343 4985 406 5032 ¹¹⁰ss
432 4975 473 5041 ,Sti
497 4975 624 5064 monito,
637 4970 678 5064 in·
697 4969 938 5063 bnosoriptura
983 4973 1039 5040 lib.
1052 4973 1083 5036 2.
1100 4981 1206 5038 contra
1222 4975 1314 5055 epist.
1329 4975 1511 5052 Gaudenti,
1525 4993 1594 5056 cap.
1611 4977 1663 5044 23.
1678 4976 1753 5039 dicit
1768 4977 1852 5038 bunc

66 5061 252 5136 purgatorii,
265 5052 322 5116 sed
343 5052 446 5116 solum
461 5055 711 5144 resurrectionen
726 5053 839 5122 dicitur
854 5055 939 5118 euim
984 5059 1098 5120 librum
1114 5073 1177 5120 uon
1190 5071 1262 5120 essa
1274 5057 1358 5137 paris
1380 5060 1572 5122 auctoritatis
1598 5075 1668 5123 cum
1684 5058 1765 5139 lege,
1782 5069 1855 5138 pro·

67 5139 170 5202 iudas
180 5135 318 5216 iussisse
332 5149 421 5198 orare
432 5148 488 5212 pro
503 5139 632 5206 mortuas
653 5139 761 5204 sancte
789 5139 821 5198 el
835 5136 886 5213 pla
899 5137 939 5198 de
983 5139 1087 5218 pletis
1103 5145 1134 5202 et
1145 5140 1284 5215 psalmis,
1301 5141 1357 5202 sed
1376 5145 1477 5202 tamen
1495 5142 1601 5204 utilem
1616 5156 1688 5204 esse
1709 5139 1736 5202 sl
1748 5143 1855 5204 sobria

68 5218 306 5286 resurreetione
320 5216 474 5294 cogitans.
985 5219 1118 5298 tenatur.
1134 5219 1213 5284 ilem
1228 5221 1301 5302 quia
1317 5220 1488 5302 Cyprianus
1503 5225 1533 5284 iu
1557 5223 1751 5302 expositione
1809 5239 1854 5284 ru·

112 5301 239 5376 Οιιὶιῑῡι
255 5299 327 5376 qula
338 5295 503 5368 διῦιῑῦῦῑι.
517 5301 547 5390 91
558 5295 875 5390 φιιῑῑθῦθῦιΰῧθῦῑῦι
886 5295 939 5391 flii·
985 5303 1048 5370 uati
1061 5301 1146 5379 dicit,
1166 5303 1224 5366 bos
1237 5303 1334 5366 libros
1357 5319 1418 5366 ιιοιι
1434 5306 1536 5367 ιιιιιι
1551 5305 1588 5366 ιι
1606 5237 1856 5384 procurandaq-

69 5383 97 5447 ri
112 5401 130 5446 a
144 5381 222 5454 luda
246 5379 431 5454 llaobabeeo
448 5394 503 5457 pro
527 5378 599 5450 tilis,
617 5394 697 5457 quos
725 5379 887 5442 constabat
907 5395 939 5442 tu
987 5388 1081 5454 motu.
1678 5415 1681 5422 ,

71 5470 204 5544 peccatu
218 5463 338 5536 mortali
353 5461 544 5553 decessissm
562 5475 631 5552 nam
654 5459 771 5522 ibidem
786 5459 939 5529 habemus
1026 5466 1062 5528 lt
1074 5464 1193 5543 pnrllde
1207 5467 1271 5544 epil
1283 5467 1534 5548 pseudomartpm
1551 5483 1621 5541 nam
1633 5467 1761 5548 loquat.
1775 5468 1855 5530 adeo

70 5553 195 5627 repelle
210 5544 307 5608 luisse
323 5543 383 5606 sub
397 5541 511 5635 lumel}
527 5556 664 5634 omium
679 5541 805 5606 illorum
819 5542 940 5636 daniso·
985 5547 1133 5625 putabant
1147 5548 1231 5610 huuc
1246 5549 1358 5610 librum
1384 5549 1484 5612 solere
1500 5550 1538 5611 ad
1553 5548 1762 5613 coudrmauda
1778 5550 1854 5628 daq-

72 5646 143 5694 rum
161 5631 311 5710 quaedam
328 5626 367 5692 de
383 5624 521 5688 donarus
543 5623 707 5699 idolorum,
723 5639 803 5702 quae
825 5624 871 5684 tllt
893 5639 939 5692 ra·
985 5633 1076 5708 mala,
1094 5628 1193 5694 ullib.
1208 5629 1238 5692 l.
1263 5629 1303 5694 dc
1319 5647 1391 5694 cura
1418 5647 1473 5710 pro
1497 5634 1648 5709 mortuis,
1672 5647 1740 5711 cap.
1767 5630 1797 5692 l.
1814 5649 1854 5692 aa
