4098 6294
293 337 345 394 ΙΙΙ
643 368 646 374 -
972 333 1016 391 DE
1037 329 1249 392 lurtutt'bttltt

218 471 354 550 potuer.
370 471 406 532 ΙΙΙ
420 486 487 548 oap.
503 468 554 530 it.
572 469 703 546 loqueos
729 465 766 528 tle
781 465 893 530 adultis
908 465 1075 542 lldolibos,
1122 466 1243 530 tionem
1256 514 1263 538 ,
1276 466 1379 542 ,irrata
1393 469 1533 548 apostoli
1557 470 1763 532 sententian.
1791 468 1987 546 lpseautem

220 555 272 634 qui
289 559 387 616 umen
404 569 472 616 oum
488 552 606 612 loribus
621 550 757 627 xpeccatis
772 549 946 614 decedunt:
965 551 1053 613 Tales
1069 599 1076 624 ,
1119 548 1229 610 solatas
1244 550 1303 611 erit
1317 552 1414 629 quasi
1427 568 1488 630 per
1500 553 1620 632 ipnem.

219 637 457 716 inquinamini
471 639 545 696 eata
554 633 678 711 judieii
692 633 779 694 diem
792 649 851 710 per
863 648 986 710 poenas
1001 639 1078 695 toni·
1161 630 1316 694 Eosebiur
1342 631 1532 713 drrryssenus
1547 634 1654 696 baioli.
1682 632 1712 694 3.
1730 635 1769 694 do
1791 633 1959 713 epiphanio
1976 657 1983 696 :

218 720 357 796 paroles,
375 733 457 798 quas
472 731 585 778 eoram
597 717 732 792 spiritus
745 717 920 793 patiuntur
933 764 940 782 ,
954 732 1076 796 purpa·
1122 713 1206 775 llaec
1219 730 1340 792 poeno,
1357 715 1467 794 iuquit.
1480 718 1658 794 infernalis
1671 717 1744 778 illos
1755 717 1912 790 manebit,
1929 721 1990 799 quei
2038 747 2039 757 Ι

218 809 275 876 tos,
286 801 410 864 aeterni
421 799 508 874 ipm‘s
521 799 691 876 suppliciis
706 814 774 860 non
788 799 975 860 tradendos.
992 799 1076 860 idem
1122 798 1292 865 anausoni
1306 813 1375 860 aon
1388 805 1513 863 seruato
1528 800 1687 878 baptismo
1698 801 1736 862 ia
1747 806 1918 862 aeternum
1933 821 1989 880 pa·

218 884 325 946 homil.
344 882 393 944 lb.
409 897 445 942 ex
460 881 515 943 lib.
532 879 583 943 ΙΙΙ.
607 881 823 943 homiliarum:
844 880 904 955 Qui
918 887 1075 960 tempora·
1121 877 1244 940 ridant.
1261 879 1301 942 lli
1312 897 1398 944 ‚aero
1414 884 1472 962 qui
1497 881 1727 963 temporalibus
1749 883 1865 961 poenis
1881 887 1987 962 ‹liprrn

218 966 301 1028 libas
315 964 441 1044 poenis.
458 963 567 1040 iuquit,
584 963 689 1040 dipua
702 969 879 1039 passarani.
895 979 955 1041 per
967 967 1077 1043 ipnem
1121 969 1298 1036 posueruut.
1314 980 1372 1040 per
1385 965 1524 1044 nauium
1537 969 1745 1044 ipaeunper
1757 967 1846 1028 uada
1858 966 1987 1044 temen·

218 1049 393 1127 quemdam
404 1047 634 1124 purpurariam
650 1046 848 1123 transibant·
863 1049 903 1108 de
918 1062 983 1126 qao
999 1063 1075 1125 apo·
1122 1043 1205 1104 tibus
1220 1045 1322 1121 piebis
1336 1047 1502 1110 inaurando
1518 1048 1715 1112 transibunt.

216 1130 315 1192 stolus
328 1129 437 1208 inquit
451 1147 460 1188 :
475 1131 584 1190 saluus
600 1127 660 1190 ert't
683 1129 730 1190 sie
745 1132 855 1190 lanian
870 1131 966 1208 quasi
978 1146 1037 1208 per
1050 1133 1074 1192 i·
1163 1124 1373 1190 Tlreotlarstus
1390 1130 1418 1190 io
1436 1131 1564 1192 scholiis
1579 1131 1698 1205 gratatis
1714 1131 1743 1192 ia
1763 1131 1791 1192 Ι.
1810 1131 1986 1194 Corinthi.

215 1229 323 1290 paam.
340 1211 376 1274 lit
391 1211 443 1272 lib.
461 1212 492 1272 2.
509 1211 547 1272 de
562 1209 677 1272 Gerros.
696 1217 799 1272 eontra
817 1212 1074 1290 lloaiolreapflb.
1120 1206 1330 1286 liuticiorum
1339 1212 1686 1292 ipaempurpatoriurn
1697 1215 1909 1290 eredimusr'n
1922 1231 1986 1294 pua

219 1292 280 1369 Qui
291 1295 373 1372 forte
391 1309 509 1371 aprum
521 1309 591 1355 non
605 1293 752 1360 coluerit.
770 1299 800 1354 et
813 1295 916 1372 spinis
932 1310 1006 1358 eum
1020 1311 1074 1374 op·
1117 1291 1252 1353 *antinoo
1267 1292 1494 1369 ditandorum
1507 1296 1688 1374 probantur·
1703 1303 1732 1357 et
1745 1306 1981 1374 repurpantur,

212 1378 314 1454 primi
326 1377 509 1455 permiserit
522 1423 528 1438 ,
545 1375 641 1438 babet
654 1376 692 1438 in
705 1375 768 1438 liae
792 1375 861 1438 aiita
873 1377 1074 1440 maledictio·
1119 1374 1203 1434 siaul
1217 1391 1339 1438 aarum
1364 1378 1401 1440 ia
1416 1377 1619 1458 conflatorio.
1637 1379 1845 1440 Oeoumeruus
1861 1379 1891 1438 lu
1909 1396 1985 1440 euu-

214 1475 289 1522 aom
304 1467 408 1522 terroe
422 1475 501 1522 suae
512 1460 549 1521 in
561 1457 710 1520 omnibus
722 1459 870 1536 operibus
881 1462 1075 1540 sais-apost
1119 1455 1190 1515 dom
1205 1457 1513 1523 loeumtsataabitur
1527 1471 1555 1524 et
1569 1464 1638 1540 ipse
1650 1477 1862 1540 quoque,aoa
1873 1469 1986 1524 tonaen

214 1540 302 1604 bone
324 1543 426 1605 uitam
438 1540 565 1606 babebit
589 1542 639 1603 ool
652 1542 761 1618 ipnern
780 1543 987 1620 purpationis
1002 1591 1009 1614 ,
1024 1545 1075 1606 oet
1119 1537 1201 1599 eitra
1216 1539 1381 1614 dotorem,
1408 1551 1445 1606 al
1458 1561 1523 1622 piar
1537 1553 1581 1607 est
1596 1546 1741 1622 irritaqui
1756 1547 1873 1606 transit
1884 1560 1946 1623 per
1959 1549 1986 1607 r'·
2039 1568 2040 1571 ¹

211 1641 354 1702 paenam
368 1631 546 1686 aeternam.
563 1623 702 1702 Denique
717 1623 747 1684 io
766 1626 844 1700 psal.
861 1625 912 1686 bl.
932 1623 1014 1700 Quia
1026 1628 1073 1689 di·
1117 1628 1259 1695 alleviat
1274 1641 1295 1684 o
1309 1627 1465 1689 sanaretis
1481 1626 1653 1691 lenioribus
1665 1627 1801 1688 morulis
1815 1631 1983 1706 expiator.

213 1709 307 1778 citur,
324 1708 434 1786 iuquit,
451 1707 560 1769 saluus
575 1709 634 1768 erit
648 1753 655 1778 ‚
671 1706 726 1767 ille
739 1707 827 1782 ipnis
842 1711 1070 1780 contemnitur,
1121 1702 1328 1768 'tertullianus
1343 1709 1398 1770 lib.
1415 1710 1453 1770 de
1470 1710 1570 1771 anima
1586 1756 1593 1781 ,
1612 1727 1681 1789 cap.
1700 1711 1748 1772 ll.
1766 1710 1806 1772 ln
1820 1726 1987 1776 carcerem

211 1793 260 1852 ita
272 1791 372 1870 plane
388 1791 534 1868 quamuis
549 1789 658 1850 soloas
672 1804 732 1865 per
744 1791 864 1866 ipnem,
880 1792 1012 1867 pronior
1027 1797 1073 1852 ta·
1118 1792 1145 1847 Ιθ
1161 1791 1294 1851 matidii
1309 1791 1498 1868 internam,
1514 1794 1604 1856 unde
1620 1809 1688 1855 2²⁰st
1703 1793 1877 1855 dimittaris
1892 1839 1901 1861 2
1918 1795 1985 1854 uisi

211 1874 362 1940 insuerit
375 1873 430 1934 ille
444 1874 553 1950 ipuis,
572 1887 673 1950 quarn
688 1872 851 1952 qreidpaid
862 1877 965 1950 potest
978 1873 1073 1936 laonio
1117 1871 1244 1932 modico
1270 1887 1398 1952 quoqne
1414 1876 1528 1939 delicto
1555 1891 1649 1938 mora
1662 1875 1911 1937 resurrectionis
1928 1893 1985 1938 en·

209 1955 403 2034 patiinbaa
417 1956 496 2018 aito.
1116 1967 1228 2028 penso.
1246 1952 1415 2033 Cyprianus
1441 1958 1495 2020 lib.
1512 1959 1542 2019 Ι.
1572 1960 1662 2036 apisl.
1690 1960 1721 2018 2.
1738 1958 1834 2019 ‚iliud
1861 1964 1908 2019 est
1923 1976 1984 2037 pro

252 2038 350 2111 Quare
367 2054 437 2100 eom
452 2039 483 2098 d.
502 2037 690 2116 Augustinus
706 2037 761 2098 lib.
777 2036 828 2098 at.
846 2037 884 2098 do
901 2037 986 2100 (livit.
1003 2038 1071 2114 liei,
1116 2037 1256 2110 peccatis
1282 2039 1377 2116 lonpe
1400 2044 1541 2120 tempore
1567 2041 1749 2102 praelatam
1774 2044 1938 2117 parpari.
1957 2049 1985 2100 et

211 2137 239 2182 o.
253 2121 306 2190 26.
325 2126 354 2184 ot
369 2122 398 2180 io
416 2119 568 2180 enchirid.
585 2137 652 2196 eap.
670 2119 721 2180 oa.
738 2120 828 2194 dicit,
845 2136 938 2198 possa
954 2122 1071 2186 dubita·
1117 2119 1287 2181 emendari
1302 2121 1361 2182 diu
1375 2123 1462 2200 ipae,
1473 2123 1566 2186 atiud
1580 2129 1714 2201 peceato
1729 2125 1842 2184 arnaria
1855 2126 1983 2200 passio·

208 2205 234 2264 ri
250 2211 279 2264 et
292 2203 421 2282 quaeri,
451 2220 488 2262 an
505 2209 574 2279 post
599 2203 679 2264 hana
710 2205 798 2266 vitam
815 2206 934 2266 anianae
951 2212 1070 2283 larque·
1115 2215 1336 2280 uepurposse.

209 2294 297 2347 antor
313 2285 486 2364 purgatorio
515 2285 606 2363 igne:
625 2301 685 2346 noo
703 2284 820 2346 dubitat
834 2285 872 2347 do
889 2303 987 2365 poena
1004 2289 1070 2348 uoi-
1155 2280 1360 2362 Hieronymus
1375 2284 1430 2347 lib.
1449 2287 1587 2351 l.eanlra
1605 2285 1783 2366 Pelagianos
1801 2287 1876 2347 ultra
1895 2289 1980 2348 mod.

211 2385 325 2430 marom
341 2415 348 2440 ,
366 2368 420 2428 sed
438 2367 476 2428 da
491 2367 582 2429 modo
608 2374 638 2428 et
653 2368 798 2444 qualitate
813 2385 821 2442 ;
839 2384 907 2430 uam
924 2369 954 2430 ia
971 2373 1072 2448 priore
1115 2361 1150 2425 Si
1163 2370 1272 2428 autem
1288 2365 1438 2444 Oripenes
1453 2387 1563 2434 omnes
1584 2369 1795 2432 rationabiles
1811 2377 1982 2433 creaturas

207 2450 276 2514 loeo
292 2452 390 2512 solum
407 2451 545 2520 dubitati,
562 2465 601 2510 ou
618 2450 698 2527 ignis
724 2451 917 2529 purgatorius
933 2453 971 2514 sit
987 2452 1068 2515 idem
1117 2447 1194 2508 dicit
1208 2464 1277 2510 nora
1291 2465 1358 2512 osse
1370 2453 1577 2528 perdendus,
1593 2460 1623 2516 et
1637 2453 1766 2515 diabolo
1782 2453 1894 2514 tribuit
1907 2470 1983 2530 poe-

207 2534 238 2594 io
255 2533 422 2598 substantia
449 2548 518 2592 oum
535 2533 605 2610 igue
628 2533 789 2610 gebennas
804 2552 811 2608 ;
829 2534 867 2594 de
884 2550 944 2611 auo
960 2535 1072 2598 dieitur
1115 2531 1302 2594 nitentium:
1319 2534 1400 2612 quid
1415 2538 1460 2596 ad
1472 2552 1544 2618 aas,
1561 2537 1619 2616 qai
1634 2535 1802 2613 diabolum
1817 2541 1846 2595 et
1860 2537 1985 2597 satelli·

207 2616 311 2677 blatto.
329 2615 379 2678 23.
396 2615 442 2676 lte
456 2616 493 2677 ia
506 2615 618 2691 masna
641 2621 822 2677 aeternam.
847 2615 882 2676 la
899 2620 1069 2693 posteriore
1117 2619 1160 2672 les
1175 2613 1256 2692 ejtts.
1273 2630 1447 2696 omnesque
1461 2619 1580 2698 impios
1597 2623 1626 2678 ot
1637 2618 1919 2696 praevaricatores
1936 2621 1984 2680 di·

206 2706 306 2760 autem
324 2697 451 2760 dabitat.
468 2714 505 2757 ao
524 2703 593 2774 post
610 2697 690 2758 liano
706 2700 796 2760 uitam
810 2707 936 2760 urentur
950 2701 1070 2764 animae
1116 2695 1218 2757 aimus
1229 2701 1339 2774 perire
1352 2709 1519 2780 perpetuo,
1536 2709 1565 2763 et
1581 2701 1796 2768 Christianos,
1813 2701 1843 2762 si
1857 2703 1897 2762 in
1910 2718 1983 2779 pec·

205 2781 278 2858 iguo
295 2782 347 2840 illo
361 2780 477 2844 doloris
500 2779 540 2841 de
563 2779 731 2841 amissione
759 2781 992 2857 temporalium,
1009 2801 1070 2862 qua
1115 2782 1186 2838 coto
1200 2782 1369 2856 praeventi
1380 2781 1504 2859 [uerba
1518 2831 1526 2860 ,
1540 2783 1715 2847 salvandos
1742 2798 1808 2846 osse
1821 2791 1894 2864 post
1907 2801 1983 2862 poe·

205 2864 256 2924 iria
272 2865 318 2926 uri
333 2863 446 2938 soleat,
465 2878 535 2924 oum
551 2862 748 2926 roborando
763 2863 887 2926 dileetis
902 2881 1005 2928 carere
1018 2883 1069 2930 eo·
1115 2863 1200 2922 aas?

207 2953 332 3026 guntur.
1154 2941 1300 3008 Paulinus
1317 2947 1408 3025 epist.
1428 2951 1457 3011 Ι.
1474 2949 1510 3010 ad
1528 2949 1708 3012 Amandum:
1728 2945 1770 3010 bb
1782 2947 1841 3010 boo
1854 2949 1982 3026 impen-

245 3029 277 3090 ΙΙ.
296 3029 497 3106 ilieroaymos
523 3027 553 3087 io
570 3025 632 3088 une
660 3027 871 3090 commentarii
887 3029 919 3090 iu
935 3029 1065 3092 isaiam:
1112 3041 1147 3088 se
1160 3042 1327 3104 ropamas,
1344 3037 1380 3092 ut
1396 3032 1493 3110 quasi
1506 3031 1608 3108 frater
1622 3031 1744 3093 arandi
1765 3029 1893 3094 iabores
1908 3047 1985 3092 con·

206 3110 305 3182 Sient,
323 3111 432 3188 inquit,
446 3109 579 3180 diaboli,
598 3117 627 3169 et
642 3110 790 3173 omnium
802 3116 996 3191 nepotomn
1020 3119 1067 3177 at·
1111 3109 1214 3186 spires
1227 3119 1264 3173 ut
1277 3111 1460 3176 misericors
1472 3113 1735 3192 Deusretriperet
1746 3115 1897 3176 animam
1911 3114 1981 3188 eills

204 3211 267 3274 quo
282 3193 482 3271 impioram,
500 3193 558 3271 qui
572 3192 731 3256 dixerunt
745 3195 981 3272 interclusae,
998 3213 1068 3261 noa
1111 3193 1288 3256 stillicidiis
1311 3196 1557 3259 misericoraiae
1578 3211 1658 3258 suae
1681 3199 1919 3275 perorationes
1933 3213 1984 3256 or·

205 3283 250 3337 est
264 3273 359 3345 Deus,
376 3275 537 3336 credimus
553 3279 687 3336 aeterna
702 3281 877 3350 taratonto,
894 3278 940 3340 sia
954 3295 1067 3356 peeca-
1112 3280 1195 3336 stros
1209 3282 1267 3338 eta.
1285 3277 1409 3340 Biatius
1427 3280 1481 3342 lib.
1499 3281 1530 3341 Ι.
1547 3279 1640 3341 Prusa
1656 3277 1843 3340 illatione
1857 3281 1983 3357 suppti-

205 3365 311 3422 torum
325 3357 659 3437 atquaimpieramet
675 3364 784 3420 tamea
800 3359 1067 3436 insultationum,
1114 3358 1167 3420 eia
1182 3359 1373 3422 animarum
1385 3368 1457 3439 post
1474 3362 1667 3440 destinatam
1682 3361 1785 3423 naaria
1799 3377 1920 3439 corpus
1935 3379 1983 3423 re·

206 3457 347 3520 quarunt
362 3455 463 3516 opera
475 3441 514 3501 in
523 3439 600 3516 ipae
611 3439 784 3513 probanda
794 3449 982 3522 suntatqae
992 3461 1068 3522 par·
1114 3440 1257 3518 linquis?
1271 3447 1301 3503 et
1314 3459 1438 3522 mopno
1453 3446 1597 3524 paridem.
1614 3459 1754 3524 quorum
1766 3443 1835 3506 alie
1847 3445 1984 3522 poenali

205 3525 340 3600 panda,
358 3523 561 3585 moderatam
586 3521 787 3586 arbitramur
801 3531 830 3588 at
855 3526 1070 3592 mialamele-
1112 3522 1310 3598 aembttoto,
1324 3526 1395 3588 alia
1418 3529 1613 3607 paraetonio
1638 3527 1810 3589 elementia
1835 3530 1985 3588 exerceri

205 3608 348 3668 tinentiae
361 3602 701 3680 sententiamp'udieir.
1029 3667 1030 3672 ,
1111 3611 1203 3685 puto.
1220 3606 1359 3670 Isidorus
1386 3610 1442 3672 lib.
1462 3612 1490 3672 l.
1509 3613 1547 3672 de
1564 3611 1676 3670 diripis
1691 3608 1803 3670 ollloiis
1818 3656 1825 3682 ,
1841 3627 1910 3686 cap.
1931 3609 1983 3670 ts.

248 3689 282 3750 B.
310 3688 476 3766 Gregorius
503 3687 557 3748 lib.
574 3685 605 3748 Ι.
623 3685 837 3766 dialogorum,
865 3706 934 3768 sap.
958 3691 1009 3754 39.
1026 3693 1070 3756 lle
1115 3687 1197 3750 Nam
1213 3695 1242 3752 et
1265 3706 1340 3752 euni
1365 3691 1523 3756 Dominus
1545 3694 1646 3756 otoit:
1665 3689 1728 3768 Qut
1749 3693 1932 3770 precaverit
1946 3693 1985 3752 in

207 3771 414 3850 palumbem,
431 3769 540 3847 iuquit,
557 3768 678 3834 leuibus
693 3771 798 3849 culpis
813 3789 879 3836 esse
894 3777 1069 3852 oatopudi-
1115 3770 1275 3849 Spiritum
1298 3781 1468 3847 sanatum,
1485 3793 1555 3839 non
1578 3775 1758 3838 remittetur
1779 3776 1929 3854 sineque
1944 3777 1984 3836 in

207 3855 317 3925 aium,
339 3853 551 3932 purpatorius
576 3853 663 3930 lanis
689 3855 871 3918 eradendus
897 3863 953 3919 est.
978 3857 1014 3920 Et
1039 3863 1069 3921 iu
1115 3853 1466 3938 decretorumque
1489 3860 1527 3922 in
1541 3861 1652 3936 tuturo
1667 3905 1675 3931 ,
1692 3858 1892 3920 dernenstrot
1908 3859 1982 3936 arri-

206 3937 360 4014 psalmum
387 3935 507 3998 tertium
533 3934 787 4013 poenitentialem
814 3937 844 3998 in
864 3939 932 4018 ipso
959 3941 1068 4004 initio:
1116 3934 1334 4000 busdomittie
1350 3940 1544 4004 dimittendo
1560 3957 1626 4004 esse
1639 3947 1821 4019 pernotant
1834 3944 1983 4020 quodam

207 4018 292 4090 Seia,
316 4018 436 4096 inquit,
466 4017 615 4094 tatarum
643 4033 731 4090 esse,
753 4025 789 4081 ut
812 4027 883 4098 post
908 4021 1007 4099 lirtjrrs
1021 4026 1065 4086 ai·
1112 4022 1305 4098 parpatorio
1320 4023 1396 4100 ipae
1407 4025 1600 4102 purpanda.

208 4107 260 4162 tae
289 4102 436 4173 auitum,
465 4100 524 4162 alii
548 4099 690 4176 nammis
716 4103 893 4179 eripientur
910 4114 1066 4182 parpala-
1157 4103 1237 4172 Bada
1253 4103 1282 4164 io
1301 4105 1408 4182 psalm.
1426 4105 1475 4168 st.
1496 4104 1646 4181 Quidam,
1661 4105 1982 4184 iaaoitpommittunt

208 4185 267 4246 riis
281 4231 289 4260 ,
317 4185 378 4246 alii
397 4185 593 4246 sententiam
613 4187 766 4246 aeternae
780 4184 918 4249 subeant
930 4188 1068 4252 domiin·
1115 4185 1282 4262 quaedam
1293 4195 1429 4264 peoeoto
1442 4189 1588 4251 venialia
1601 4189 1800 4268 promereat
1814 4188 1984 4254 rediment

211 4267 322 4329 tionis.
703 4335 704 4340 .
1114 4268 1412 4344 ideaneeesseest,
1428 4271 1980 4350 utilitatesiniraeorripiantur,

250 4348 402 4426 Origenes
416 4347 522 4409 homil.
539 4345 570 4407 b.
588 4346 617 4408 io
634 4345 771 4411 Exodum
786 4365 794 4408 ε
815 4347 874 4424 Qui
887 4351 998 4414 solans
1011 4352 1067 4432 tlt,
1114 4349 1249 4422 idestnn
1262 4355 1452 4431 purpatorio
1467 4355 1544 4432 ipae
1558 4371 1647 4418 auno
1661 4355 1795 4417 interim
1805 4359 1881 4416 aute
1894 4354 1984 4415 diam

208 4431 308 4508 iuquit
322 4478 329 4503 ,
342 4431 527 4509 peripnem
541 4428 651 4490 saluus
664 4425 719 4506 tit.
746 4437 782 4494 ut
795 4433 825 4494 si
838 4435 1015 4512 quinifaria
1030 4437 1070 4500 de
1110 4431 1233 4512 judieii
1246 4441 1425 4511 ponantur,
1442 4446 1479 4498 ut
1493 4453 1578 4516 qtaae
1592 4439 1631 4500 iu
1645 4438 1690 4498 eis
1704 4437 1878 4498 immunda
1891 4443 1981 4507 sarit,

209 4515 315 4592 speeie
328 4512 454 4591 plumbi
467 4511 618 4575 babuerit
631 4512 869 4590 admiseramus
879 4517 967 4594 ipais
979 4518 1071 4580 daea·
1114 4530 1174 4590 per
1187 4516 1200 4575 i
1204 4515 1283 4578 llam
1308 4525 1516 4594 exarantur,
1534 4526 1563 4582 et
1577 4521 1624 4582 sie
1639 4521 1772 4582 tandem
1786 4520 1898 4584 idonei
1913 4535 1982 4580 esse

206 4601 287 4676 qaut
312 4600 341 4657 et
365 4593 524 4683 resoluat,
551 4601 587 4656 nt
611 4592 795 4673 efficiantur
814 4613 926 4662 omnes
948 4615 1071 4664 aarum
1115 4611 1191 4658 eam
1205 4597 1270 4664 bis.
1288 4601 1347 4677 qui
1358 4601 1397 4663 ia
1411 4603 1530 4664 deutra
1544 4604 1726 4664 coronandi
1739 4609 1816 4664 suat
1830 4649 1838 4666 .
1853 4603 1999 4662 inversi·

206 4694 343 4757 purant.
834 4733 836 4736 .
1115 4683 1228 4742 antur.
1245 4680 1363 4744 ibidem
1389 4685 1463 4746 dieii
1480 4685 1562 4746 liano
1589 4686 1692 4764 iguem
1719 4687 1889 4763 grauiorem
1907 4701 1984 4745 esse

249 4760 415 4840 Gregorius
430 4759 565 4822 uariam.
582 4763 658 4822 orat.
677 4757 708 4820 io
724 4769 828 4824 sauata
843 4762 970 4834 lumina,
989 4764 1070 4829 eirea
1115 4763 1226 4841 poenis
1241 4761 1405 4835 lullonum.
1424 4774 1590 4846 murittum
1607 4775 1669 4830 ele·

206 4843 311 4907 duem:
328 4845 369 4906 ln
382 4843 483 4905 altero
498 4856 568 4904 sao.
585 4839 696 4919 iuquit.
712 4842 785 4921 ipni
799 4843 1066 4924 baptizabuntur,
1157 4843 1263 4906 Petrus
1279 4845 1445 4910 Darniaous
1462 4852 1490 4910 in
1507 4867 1600 4910 sarm.
1618 4851 1649 4912 2.
1667 4849 1748 4911 das.
1765 4849 1899 4910 dodran:
1913 4850 1983 4910 tion

196 4928 266 5004 iqui
278 4935 459 5006 postremus
475 4929 520 4986 est
548 4923 725 5002 baptismus
741 4971 749 4998 ‚
773 4943 833 4990 nee
853 4928 959 4991 solum
980 4946 1069 4995 acar·
1116 4925 1174 4988 tibi
1188 4927 1372 4992 blandiaris
1387 4932 1417 4994 si
1430 4934 1573 5009 praviter
1585 4933 1736 5012 peccanti
1754 4931 1854 4992 leuior
1867 4934 1985 5009 porni-

206 5009 277 5072 bior
293 5056 300 5081 ,
322 5012 381 5074 sed
395 5014 424 5070 et
439 5007 637 5079 diuturnior,
661 5005 721 5085 qai
735 5023 881 5074 crassam
894 5014 1069 5076 materiam
1115 5011 1218 5072 tentia
1232 5029 1254 5074 a
1267 5020 1436 5075 mansueto
1451 5060 1459 5084 ,
1476 5016 1528 5076 uel
1542 5032 1564 5077 a
1583 5015 1811 5078 dissimulante
1826 5015 1983 5082 dictatur,

206 5093 312 5156 iratur
332 5095 412 5172 terri
440 5091 629 5170 deposcitur
660 5089 796 5170 vitiique
826 5095 985 5158 tenuatam
1014 5095 1067 5157 ab·
1115 5094 1437 5172 euminpurpatoriis
1446 5096 1578 5175 ipaibas
1589 5097 1824 5176 perficiendum
1835 5098 1875 5158 sit
1887 5099 1985 5176 quid-

208 5175 317 5238 sumit.
542 5216 545 5231 .
927 5233 932 5238 .
1117 5177 1199 5254 quid
1214 5176 1266 5238 liic
1280 5179 1390 5242 miuus
1405 5179 1616 5260 repensante
1631 5181 1747 5258 dianas
1760 5181 1987 5258 poert-iteatr’ae

246 5253 376 5320 basilius
391 5261 422 5324 io
438 5281 505 5342 eap.
522 5263 553 5326 Ι.
570 5262 691 5325 Isaiae:
710 5261 746 5324 Si
759 5261 862 5338 ipitar
874 5277 933 5339 per
948 5259 1070 5336 centes·
1116 5259 1242 5336 tructus
1258 5262 1386 5340 quaerit
1400 5259 1596 5324 ditissimus.

203 5337 340 5414 sionem,
359 5344 467 5422 iuquit,
485 5347 705 5410 antenerimus
718 5349 899 5423 pareutum,
911 5342 986 5421 p'am
999 5359 1071 5406 sua
1159 5343 1325 5404 dosolmus
1342 5347 1372 5406 io
1391 5345 1419 5404 l.
1438 5343 1574 5408 Cariath.
1593 5345 1713 5406 iliam
1728 5345 1768 5406 de
1783 5344 1990 5422 quibusdam

207 5433 350 5486 crescens
364 5427 1071 5507 mameaarefeeimasdipnuuiplanequod
1119 5423 1239 5488 leuibrts
1264 5425 1369 5505 culpis
1389 5443 1455 5490 esse
1481 5436 1556 5488 ante
1582 5443 1755 5507 corporum
1777 5429 1989 5488 resurrectio·

208 5505 406 5581 deputatur
431 5527 470 5572 ae
485 5511 613 5574 deuoret
626 5512 838 5591 purpatorius
849 5509 957 5587 riparia
976 5509 1011 5570 ut
1026 5507 1072 5570 ia·
1117 5521 1205 5582 nem,
1222 5510 1433 5588 purpotorias
1446 5511 1534 5594 ipnis
1550 5511 1731 5573 credendas
1746 5515 1803 5572 est.
1821 5509 1856 5572 Et
1870 5509 1990 5571 ibidem

208 5587 263 5648 ira:
281 5587 349 5652 Nou
363 5594 606 5670 omnimodam,
624 5596 743 5674 inquit,
760 5594 1027 5663 internecionem,
1044 5595 1074 5654 et
1119 5593 1231 5652 asserit
1246 5607 1317 5654 essa
1334 5594 1547 5672 grauissimam
1566 5610 1708 5670 poenam.

209 5676 445 5744 internarium
458 5677 693 5750 comminatur,
709 5678 766 5738 sed
783 5675 891 5736 irtrrrrit
908 5691 1072 5752 anpurpo·
1161 5673 1335 5738 Bsmartlos
1352 5692 1447 5738 seror.
1465 5677 1502 5738 tle
1520 5677 1603 5739 obitu
1619 5675 1797 5754 llumbarti:
1821 5679 1905 5741 l'olot
1920 5681 1992 5750 tra·
