4086 6296
818 320 913 382 libitu
934 319 1107 380 SECUNDUS
1708 315 1779 372 ult

72 461 154 520 tetur
179 452 274 518 mulia
290 451 320 514 in
337 449 524 527 Tertulliano
539 466 610 519 csse
626 467 681 530 pro
698 451 852 534 inpiatis,
880 457 936 524 sed
1024 457 1070 526 ll,
1087 452 1186 532 innuit
1200 451 1320 534 liartpr,
1336 449 1459 520 Paulus
1475 451 1597 516 dicun:
1609 447 1679 512 lictu
1689 449 1846 526 juniores

74 556 139 603 non
153 554 224 602 esse
240 533 331 599 iidem
354 535 526 601 babendum
542 533 752 605 Tertulliano,
769 537 851 614 qnod
868 533 939 602 bne·
983 537 1116 608 enubere,
1133 536 1245 617 diripit
1259 551 1440 600 emmonem
1454 535 1499 598 cd
1513 549 1589 609 eus,
1606 547 1690 613 puae
1703 533 1850 612 priunum

75 625 191 685 relicus
205 618 308 692 luerit,
326 623 356 680 et
371 619 525 680 secundas
537 620 658 697 nuptias
670 617 938 696 prohibueritsed
981 617 1080 697 uldern
1093 620 1222 682 irritum
1234 621 1436 697 reueremini
1452 617 1668 680 Tertullianus
1683 615 1854 691 diminuti

73 705 164 768 laaile
179 704 239 766 boc
255 700 415 776 refellitun
431 717 501 766 nam
516 699 636 764 etiarnsi
649 701 823 770 haereticus
835 701 937 780 luerit,
982 703 1084 780 luitur
1102 702 1289 782 apostolor,
1307 717 1351 764 eac
1375 701 1642 779 interpretatione
1659 697 1852 762 Tertulliani

70 804 136 850 non
150 793 250 848 iernen
263 799 398 860 unquam
412 781 594 850 ureteribus
606 784 938 865 reprehenditur,quod
984 800 1039 848 ene
1052 783 1185 854 nubere,
1202 785 1368 866 quaejam
1381 781 1753 860 acueruntllaspondeo:
1771 779 1849 844 iliri-

70 876 177 932 rutum
185 867 392 938 continentiae
404 865 640 936 asseruerit,sed
656 867 696 929 ob
712 866 790 930 alios
805 883 938 943 errores,
981 882 1056 947 gere
1071 884 1246 936 sermonem
1272 871 1310 930 ad
1326 883 1379 932 eus
1394 883 1478 946 quae
1489 870 1651 938 voverant,
1668 861 1746 928 nibil
1763 863 1848 928 eliud

70 948 498 1032 quosslugustinusnuiarit
509 947 605 1012 lib.de
619 950 938 1030 haeresibuspapillt.
983 956 1054 1022 esi,
1070 967 1159 1030 quam
1186 967 1239 1014 ecs
1251 951 1408 1030 respicere
1422 995 1431 1022 ,
1446 954 1476 1010 et
1491 965 1528 1011 es
1544 965 1648 1012 earum
1674 948 1765 1010 ruina
1780 946 1850 1010 aliis

114 1035 235 1100 Deinde
248 1032 355 1094 Petrus
371 1029 482 1110 llantur
496 1029 618 1096 mentiri
635 1033 739 1108 nudet,
757 1034 788 1098 ln
805 1033 884 1102 libre
900 1035 940 1098 de
984 1034 1163 1112 prospicere
1179 1035 1217 1096 de
1233 1033 1419 1104 remcdlomt
1433 1030 1525 1098 verbe
1542 1029 1702 1108 sequentia
1718 1029 1849 1108 apertis·

67 1117 211 1181 velandis
226 1113 395 1194 uirginibus
409 1114 630 1178 Tertullianum
645 1120 786 1189 tractare,
798 1133 838 1178 un
852 1118 939 1182 solae
983 1119 1061 1182 sitne
1076 1115 1289 1190 donandam
1306 1131 1379 1178 reru
1390 1112 1495 1178 attinet
1509 1113 1546 1174 ad
1560 1115 1762 1194 posteriorem
1777 1127 1848 1180 sen·

68 1208 188 1278 neniae
203 1199 336 1262 debarai
349 1197 447 1261 relato
462 1195 563 1275 capite
579 1197 700 1275 ingredi
713 1198 939 1274 Ecclesiam,an
983 1215 1065 1262 sum.
1081 1199 1211 1262 latemur
1225 1199 1304 1262 relie
1324 1197 1499 1276 apostolum
1512 1196 1698 1274 juvenculas
1715 1193 1848 1265 nubere,

69 1284 167 1349 etium
182 1280 327 1360 virgines,
343 1297 405 1342 nun
420 1289 522 1343 autem
534 1279 618 1355 looui
633 1281 673 1351 de
687 1281 767 1354 velo,
783 1298 838 1344 seu
854 1283 939 1346 babi-
984 1282 1039 1346 sed
1055 1289 1088 1344 ui
1112 1299 1202 1362 snpra
1220 1297 1257 1344 ex
1272 1281 1410 1344 Patribus
1425 1280 1640 1353 ostendimus,
1658 1293 1720 1366 nen
1737 1292 1846 1340 omnes

70 1372 105 1428 tu
122 1380 276 1428 sacrarunt
292 1363 456 1442 virginum.
474 1361 534 1426 Sed
551 1363 630 1426 adeo
646 1364 808 1430 rnunilaste
825 1367 935 1428 menii-
980 1363 1174 1443 juvenculus,
1190 1365 1246 1430 sed
1262 1379 1314 1426 eas
1331 1369 1445 1426 tautum
1460 1376 1538 1439 quae
1551 1364 1711 1428 continere
1724 1361 1846 1423 nolunt.

69 1453 144 1524 tur,
162 1454 195 1512 ul
219 1462 280 1508 non
297 1445 337 1509 sit
362 1461 441 1526 opus
457 1491 464 1514 ,
481 1445 541 1508 nisi
564 1446 676 1511 librum
702 1447 804 1526 ipsum
821 1447 937 1526 legere.
984 1445 1095 1508 Omitto
1122 1446 1171 1510 bic
1186 1445 1345 1510 mendacin
1368 1445 1484 1524 reliqua
1500 1443 1581 1522 Petri
1597 1442 1759 1522 urruns,
1776 1459 1847 1505 euin

71 1529 188 1592 Scribit
212 1527 293 1591 enlm
310 1528 457 1590 adversus
482 1525 617 1608 virgines
643 1529 819 1596 saeculares
833 1576 847 1605 ,.
860 1547 939 1608 uuae
984 1529 1058 1590 dicii
1074 1545 1130 1596 uos
1144 1529 1369 1598 matrimonium
1394 1527 1569 1606 impurum,
1588 1531 1619 1586 ei
1633 1541 1778 1604 spurcum
1795 1541 1848 1602 ap·

70 1630 143 1678 cunr
160 1612 243 1677 nudo
259 1612 359 1690 capite
373 1610 567 1681 incederem,
584 1627 675 1690 aegre
687 1611 838 1688 terebant,
850 1613 940 1692 virgi·
983 1613 1111 1688 pellere:
1128 1618 1159 1674 et
1173 1613 1230 1675 alia
1246 1609 1277 1676 id
1292 1623 1410 1692 genus,
1427 1625 1555 1690 quorum
1573 1609 1634 1671 beo
1649 1607 1799 1670 rabonem
1815 1608 1847 1673 in

71 1713 131 1758 nes
145 1711 248 1758 sacras
264 1699 376 1769 iectus,
394 1698 425 1756 et
439 1693 553 1774 uelatus
569 1695 737 1773 procedere
752 1741 760 1768 ‚
777 1703 808 1756 el
822 1695 939 1760 adiere·
979 1695 1098 1775 judicio
1114 1695 1235 1759 reddet.
1259 1691 1261 1701 ‘
1285 1753 1288 1762 ,

71 1777 149 1840 bant
175 1780 205 1840 in
221 1782 457 1856 argumentum,
473 1777 555 1855 quod
578 1777 783 1854 apostoloci.
800 1776 939 1842 Cur-inibi
1024 1776 1227 1842 uctaroloeo
1243 1779 1329 1857 pouit
1343 1775 1529 1856 origenem,
1548 1775 1578 1836 in
1595 1771 1684 1851 cuins
1700 1770 1789 1833 libris
1804 1771 1852 1833 nl·

75 1860 292 1926 tinctiones
317 1858 409 1919 velari
422 1859 572 1936 jusserit,
590 1859 630 1922 de
653 1860 822 1938 uirginibus
837 1869 938 1928 autem
984 1857 1026 1920 bil
1043 1859 1160 1923 inuenit
1174 1876 1229 1938 pro
1245 1876 1303 1936 se,
1321 1859 1379 1924 nisi
1396 1860 1477 1937 quud
1494 1859 1560 1920 toea
1576 1856 1725 1935 quaedum
1743 1870 1800 1932 prc
1813 1870 1849 1918 se

70 1943 154 2004 nitril
169 1942 290 2004 dixerit:
306 1939 471 2010 Anibiunt,
487 1941 741 2020 inuuiimlrulnca
757 1942 938 2017 homiuum,
982 1940 1084 2004 lacere
1101 1942 1329 2020 interpretatur,
1346 1944 1416 2022 quin
1432 1957 1493 2002 non
1511 1940 1622 2004 luciani
1636 1943 1740 2020 eontra
1753 1937 1850 2013 se‚ni-

71 2027 232 2090 aduersus
245 2025 389 2102 uirgines
403 2023 472 2086 llei.
490 2023 637 2088 illinire:
652 2025 937 2100 Scorrdnlinumur,
984 2025 1106 2100 mirum,
1117 2025 1169 2088 ubi
1186 2023 1340 2106 Origenes
1352 2040 1416 2088 uon
1430 2025 1580 2101 vituperet
1595 2020 1762 2098 nuptias,et
1774 2021 1852 2082 mni·

72 2105 272 2188 lnquitguc'o
284 2107 380 2172 ultter
394 2106 481 2168 nilne
494 2106 695 2181 incederunt
705 2107 832 2172 mutanti
842 2124 937 2176 ecurt·
984 2113 1014 2168 ιο
1031 2109 1127 2186 rnugis
1143 2107 1195 2169 ubi
1210 2108 1325 2187 aliquid
1341 2107 1416 2172 dicit
1432 2107 1461 2168 in
1479 2105 1600 2168 laudern
1615 2101 1851 2182 nuptiarnmlrc

73 2190 232 2262 duliiani,
248 2205 350 2270 quum
362 2190 546 2268 prouocati.
564 2187 600 2252 br
614 2188 702 2252 inire:
723 2189 939 2271 Osocrilepue
983 2189 1100 2268 proteri
1114 2193 1208 2253 multu
1224 2207 1262 2254 ex
1277 2187 1508 2263 commentariis
1523 2185 1666 2266 Origenls
1680 2185 1712 2247 in
1725 2183 1849 2264 ocull.

71 2287 294 2352 munusculo
309 2272 455 2336 dicatum
468 2273 532 2334 ileo
547 2269 693 2336 nabtnrrn
704 2273 872 2336 detrulmre
884 2290 938 2352 po·
969 2273 1019 2334 'ud
1037 2272 1165 2344 Roman.
1184 2280 1214 2336 et
1240 2277 1270 2337 in
1286 2293 1316 2338 c.
1335 2273 1385 2336 lt.
1403 2278 1433 2336 ei
1454 2267 1677 2334 illiciebant.
1695 2269 1756 2330 Sed
1772 2267 1852 2330 nibil

72 2361 221 2422 luerunt.
237 2355 274 2416 El
288 2355 377 2418 inire:
395 2354 536 2432 llrupsistt‘
552 2353 692 2429 Christo,
709 2356 759 2428 itti
774 2356 942 2426 tradidisti
984 2357 1109 2422 omnino
1126 2357 1270 2433 estquod
1293 2357 1330 2418 ad
1346 2353 1411 2420 retii
1427 2354 1538 2430 iueial3
1556 2369 1613 2414 nus
1628 2351 1710 2428 eninr
1728 2349 1852 2428 nuptias

72 2455 209 2502 comtum
223 2445 314 2502 tuum
329 2484 337 2504 .
352 2437 404 2500 itit
419 2437 582 2515 sponsasti
599 2439 937 2514 malumtalentum,
983 2437 1076 2515 lunga
1093 2441 1189 2517 magis
1205 2442 1413 2508 honoramus,
1430 2452 1520 2516 quum
1535 2431 1700 2496 adverserii
1716 2433 1851 2526 iaciant,

67 2521 187 2586 incede
210 2521 394 2584 anomalum
413 2521 527 2599 sponsi
551 2520 601 2582 tui
624 2521 833 2586 veluntatem.
852 2522 938 2586 curt-
983 2537 1054 2584 eum
1075 2531 1299 2586 sacramentum
1315 2518 1791 2592 Christiessedoceumusnnod
1806 2516 1856 2577 rllr

66 2609 138 2666 stus
153 2609 198 2668 est
213 2605 271 2683 qni
285 2608 314 2666 ct
328 2603 457 2668 alienas
472 2618 610 2680 sponsos
623 2610 655 2666 et
667 2605 840 2670 mundulos
853 2606 939 2673 uelc·
984 2601 1230 2680 pertinacissime
1243 2611 1401 2683 naganl,et
1414 2602 1534 2666 uirilem
1545 2605 1737 2662 contractum
1749 2599 1855 2676 sulum

66 2685 212 2763 rtjobce
227 2687 340 2765 utique
354 2686 455 2748 anullo
478 2687 583 2764 mcpr'e
597 2702 687 2750 suras.
706 2687 843 2766 lienique
861 2689 940 2753 liber
984 2687 1014 2748 ln
1031 2689 1147 2765 nuptiis
1163 2694 1343 2764 agnuscant.
1724 2758 1731 2773 1

68 2785 100 2831 s.
117 2767 258 2847 Cypriani
274 2772 313 2835 de
330 2769 437 2832 babitu
449 2767 604 2846 uirginum
620 2785 658 2836 ex
671 2768 748 2832 libro
761 2769 938 2837 Tertulliani
1023 2767 1106 2832 Nono
1123 2774 1205 2832 venit
1220 2771 1258 2836 ud
1274 2769 1476 2849 cyprianum,
1493 2765 1545 2842 qui
1561 2764 1616 2826 lib.
1635 2763 1663 2826 l.
1681 2767 1772 2840 epist.
1791 2763 1849 2824 ll..

65 2867 250 2929 expressus,
266 2851 343 2915 satis
355 2855 463 2928 auseris
481 2851 627 2926 docet,de
643 2851 757 2931 quibus
770 2852 939 2932 virginibus
982 2851 1019 2911 ad
1032 2851 1231 2931 Pomponium
1244 2853 1284 2916 ila
1296 2852 1402 2916 scribit
1412 2853 1451 2914 de
1463 2847 1645 2929 quibusdam
1659 2844 1843 2932 uirginibus,

68 2933 448 3010 Tertullianuslnuuaiur.
643 2990 645 3000 ,
983 2947 1061 3012 uuae
1077 2943 1276 3014 posteaquam
1292 2933 1686 3005 sebendioarerant,aam
1701 2927 1848 2991 masculis

113 3014 174 3078 Sed
192 3016 284 3078 babet
298 3016 410 3078 Petrus
426 3015 537 3095 llarlur
559 3029 597 3078 ex
611 3013 800 3079 Tertulliano
815 3016 939 3096 insigna
982 3017 1095 3082 cubare
1111 3026 1251 3098 repertae
1265 3018 1405 3080 inerant:
1426 3014 1515 3096 Qacod
1529 3015 1559 3076 ei
1573 3028 1616 3076 ece
1629 3009 1693 3090 fide
1707 3026 1741 3074 se
1758 3009 1848 3074 dura·-

69 3097 283 3162 lestimonium
309 3105 413 3162 contra
431 3113 488 3166 nos
503 3116 511 3172 ·,
528 3113 598 3160 narn
613 3097 645 3158 in
672 3098 727 3161 lib.
739 3098 778 3160 da
794 3115 939 3176 monoga-
980 3104 1029 3164 atc
1044 3099 1391 3178 connuncupandum
1408 3103 1438 3159 ei
1452 3103 1538 3160 cosia
1562 3096 1633 3160 siue
1647 3093 1718 3156 ulle
1730 3091 1848 3170 inbuto

69 3181 133 3242 mia
149 3225 156 3248 .
173 3187 306 3252 tracians
321 3181 424 3249 locum
449 3177 538 3242 illum
555 3181 583 3242 i.
601 3180 733 3244 Timoib.
750 3181 781 3243 l.
802 3182 938 3260 letoiu-
977 3187 1193 3262 peruenerunt,
1209 3181 1366 3261 linientes
1381 3187 1410 3244 et
1423 3178 1552 3242 stabiles
1580 3176 1767 3256 proemium
1781 3176 1847 3238 cie·

66 3263 181 3326 nicaea
194 3261 328 3340 nubere,
345 3265 387 3326 ita
402 3261 549 3342 loquitur:
565 3261 615 3326 Ad
629 3278 684 3326 eon
700 3264 938 3343 diripientium
979 3265 1128 3343 piuitctt's
1144 3265 1363 3344 caparitensi
1378 3269 1487 3328 nutem
1496 3274 1703 3341 perseuerare
1714 3258 1844 3332 nolunt,

67 3361 178 3421 supra
192 3347 332 3416 denuctat,
342 3345 539 3424 juvenculos
552 3346 768 3427 nlduoepuue
781 3347 819 3412 lu
832 3347 939 3412 uldel
978 3348 1030 3410 uel
1041 3343 1110 3412 neu
1123 3356 1279 3426 pessumi,
1296 3348 1412 3413 niellus
1427 3349 1471 3408 eat
1486 3351 1524 3408 ui
1536 3343 1676 3416 nubunt,
1693 3357 1793 3422 uuum
1805 3341 1845 3404 iu

70 3433 139 3490 tate
173 3429 416 3508 deprebensae,
451 3433 481 3492 et
514 3429 715 3507 aliquandiu
743 3426 936 3508 affectatae,
981 3430 1091 3510 iuuene
1105 3431 1230 3497 ‹telictis
1244 3432 1312 3496 suis
1328 3431 1460 3494 cadmei.
1747 3461 1749 3464 ·
1790 3505 1797 3517 ι

68 3515 247 3589 postquam
260 3512 295 3576 iu
309 3511 434 3574 deliciis
447 3508 632 3574 imbuerunt
646 3510 939 3585 Christumunabere
1023 3511 1111 3579 iluna
1127 3515 1229 3576 locum
1244 3531 1307 3577 non
1322 3513 1429 3575 Petrus
1445 3510 1557 3588 llartyr
1569 3506 1743 3582 sulum‚sed
1757 3511 1854 3568 etrum

68 3595 186 3654 colunt
210 3592 363 3656 babentes
379 3593 568 3670 judicium,
586 3595 674 3672 qued
685 3595 829 3672 primunr
841 3593 940 3671 uidem
983 3593 1125 3658 Calvinus
1140 3641 1148 3664 ,
1165 3596 1324 3666 Breniius,
1342 3595 1456 3673 aliique
1472 3609 1508 3656 en
1524 3591 1708 3654 aduersariis
1724 3587 1850 3668 objece-

68 3676 295 3738 resciderunt.
311 3676 406 3738 illurn
419 3675 588 3746 uidelicet,
605 3691 709 3756 aquo
729 3678 767 3743 iu
780 3679 937 3742 uiduitate
981 3683 1063 3740 runt.
1081 3677 1203 3761 lletetiit
1228 3693 1352 3756 quoque
1373 3677 1481 3740 Putms
1506 3675 1617 3754 llantur
1633 3673 1752 3751 aliquot
1766 3671 1855 3734 sotu-

66 3760 235 3829 inoani-oe,
252 3765 281 3820 at
291 3759 457 3837 professae
473 3763 629 3833 euoenon
641 3760 937 3836 perseuerantem·
983 3761 1084 3822 liones
1102 3777 1209 3839 parum
1225 3765 1426 3840 congressui
1440 3757 1620 3820 ostenderet
1635 3760 1849 3834 argumentum

66 3846 141 3912 piar
156 3841 326 3920 quodvult
341 3857 396 3904 ecs
410 3840 545 3915 nubere,
561 3855 603 3904 ne
616 3842 762 3920 palatum
774 3840 873 3920 uidem
885 3859 938 3908 su·
982 3843 1075 3924 plane
1090 3859 1162 3907 esse
1178 3843 1357 3906 insolubile.
1375 3841 1433 3904 Sed
1449 3837 1612 3918 responsio
1629 3838 1719 3917 plana
1736 3844 1766 3898 el
1777 3834 1854 3900 laci-

65 3929 198 4002 aeeptnc
211 3924 381 3988 uiduitatis
394 3929 507 4002 postue
521 3925 722 3988 rescindunt.
739 3925 792 3988 Tm
807 3925 856 3988 nis
870 3943 937 3988 ocr-
983 3927 1022 3988 lis
1038 3925 1069 3986 in
1086 3927 1228 4005 promptu
1243 3925 1435 3994 est.Sanctns
1451 3923 1534 3984 enim
1549 3920 1721 4000 Cyprianus
1733 3935 1770 3982 eo
1782 3934 1847 3982 mo-

67 4005 129 4074 bis,
149 4007 249 4085 inquit
263 4007 382 4085 llantur,
401 4007 596 4070 alterutrum
610 4006 728 4070 iterum
741 4009 938 4076 untut‘uot'u·
984 4009 1023 4072 do
1040 4010 1196 4088 ioqrritrrr,
1215 4025 1275 4089 qno
1290 4013 1416 4074 sanetus
1432 4005 1544 4070 Paulus
1561 4006 1590 4066 i.
1608 4002 1739 4080 Tlrnoib.
1757 4001 1787 4062 5.
1805 4003 1855 4064 ni-

67 4089 284 4165 tettipendum
310 4093 375 4162 eat,
391 4091 443 4151 uel
457 4085 599 4152 Paulum
622 4087 702 4152 uallo
725 4105 780 4152 ece
793 4089 937 4164 nubere,
983 4091 1094 4154 mirum
1109 4093 1273 4155 occasione
1293 4090 1493 4171 quarumdam
1509 4088 1782 4177 virginum‚.quae
1798 4101 1852 4163 pa·

67 4172 220 4252 quemuis
234 4173 413 4247 consuent,
429 4173 529 4250 idpuc
543 4172 648 4249 nocuis
666 4173 880 4246 Tertullianus
893 4175 938 4238 ol·
983 4193 1051 4240 rum
1068 4177 1198 4239 honesta
1212 4185 1246 4236 se
1260 4174 1410 4252 gerebant
1423 4177 1496 4250 post
1510 4175 1611 4232 rutum
1628 4169 1848 4260 continentiae.

68 4256 170 4316 detur
183 4254 317 4320 sentire.
334 4256 384 4318 nel
396 4253 427 4316 ei
440 4271 508 4318 arcu
522 4256 563 4318 de
574 4255 703 4328 uiduus,
720 4271 805 4336 quoe
818 4255 939 4334 profes·
984 4265 1089 4320 monet
1105 4258 1203 4342 eiius,
1220 4262 1252 4319 ut
1267 4257 1294 4320 si
1310 4273 1372 4318 uun
1388 4257 1503 4318 liabent
1518 4251 1639 4314 llrmnrn
1656 4254 1855 4343 propositum

67 4353 127 4397 sce
142 4336 219 4410 sint,
234 4338 292 4402 aed
307 4337 347 4400 de
361 4337 520 4402 similibus
536 4342 667 4416 agatur,
678 4345 786 4410 tomen
799 4338 940 4402 Paulum
984 4340 1214 4419 perseverandi,
1231 4356 1290 4401 nnn
1306 4346 1434 4402 voveant
1449 4381 1456 4410 ,
1473 4335 1528 4400 sed
1546 4333 1673 4396 nubunt.
1690 4330 1746 4394 ibe
1759 4341 1852 4411 rgrtur

69 4435 127 4482 ens
144 4435 273 4500 qttopue
286 4419 367 4484 celle
382 4420 521 4490 nubere,
537 4429 705 4498 nepcsteu
715 4420 814 4500 iidem
829 4423 941 4486 datam
985 4439 1098 4484 sensus
1114 4427 1161 4484 esi
1176 4422 1337 4492 verborum
1353 4419 1508 4502 Cypriani:
1528 4415 1618 4493 Qaund
1638 4417 1667 4478 sl
1679 4431 1722 4480 ccc
1742 4411 1853 4493 fidere

67 4503 363 4567 rescinduntlicec
378 4519 507 4582 quoquc
521 4505 685 4566 sententie
699 4510 813 4568 conire
827 4506 941 4568 aduer-
986 4503 1106 4570 cirrum
1140 4505 1352 4579 dicaverunt,
1375 4505 1494 4583 pudice
1516 4509 1546 4564 et
1567 4504 1654 4562 caete
1685 4499 1758 4562 stare
1779 4497 1852 4562 ulte

67 4584 178 4648 sarius
193 4592 318 4648 nestros
332 4586 423 4663 sucin
438 4601 519 4650 ncne
533 4584 584 4648 titt
592 4586 800 4666 juvenculus,
815 4593 844 4648 oi
855 4601 940 4666 pauc
983 4585 1097 4665 subulo
1117 4587 1370 4665 perseueranter*
1382 4595 1489 4652 eutem
1499 4597 1706 4664 perseuerare
1717 4579 1847 4655 uolunt,

65 4667 200 4746 puouca
213 4667 402 4746 perunittunt
415 4673 573 4742 nocerent
586 4670 625 4734 in
636 4669 940 4748 perieulumincur·
985 4677 1043 4734 aut
1061 4685 1131 4734 arcu
1152 4675 1307 4748 comunt,
1321 4668 1421 4746 idest,
1438 4669 1464 4732 si
1481 4669 1553 4730 dum
1569 4667 1608 4727 de
1624 4672 1693 4727 roto
1708 4663 1857 4757 iaciendo-

69 4765 158 4813 rere.
985 4751 1176 4822 deliberant.
1197 4754 1380 4832 aegitaniae
1396 4769 1457 4814 non
1475 4751 1746 4829 perseveraturas,
1763 4747 1850 4810 melt-

113 4831 311 4910 ilespnndeo:
329 4831 465 4895 Priorem
479 4847 606 4900 sensum
624 4831 710 4896 nullo
725 4832 817 4896 modu
832 4831 941 4896 admit·
985 4853 1023 4898 us
1038 4843 1085 4900 esi
1099 4840 1133 4898 ut
1147 4835 1285 4910 nubent,
1301 4853 1393 4916 quum
1408 4834 1556 4916 inignem
1582 4829 1704 4894 delictis
1719 4825 1786 4890 suis
1800 4844 1856 4890 ca·-

68 4920 141 4977 tunt
157 4913 249 4976 rerba
277 4913 467 4978 Tertulliani.
485 4914 539 4978 illa
567 4916 649 4979 enim
676 4914 941 4996 rerba,Propter
985 4919 1070 4982 dant.
1240 4969 1243 4974 ,
1683 4989 1684 4992 ¹

68 4997 163 5076 praed
177 4997 245 5059 uult
257 5011 312 5060 ees
324 4997 505 5061 nuberene
514 4998 659 5077 priunum
668 4997 766 5078 fidem
775 5005 942 5077 susceptae
1026 5001 1102 5064 Tsse
1117 5006 1218 5064 autem
1235 5001 1318 5064 bunc
1333 5016 1461 5064 sensnm
1477 5012 1584 5059 eorum
1600 4993 1762 5057 cerberum
1778 5007 1852 5071 pro·

68 5080 244 5144 uiduitatis
259 5087 370 5160 postea
383 5081 591 5150 rescindunt.
607 5079 800 5161 apertissime
817 5089 940 5144 monent
984 5082 1051 5146 bari
1078 5089 1189 5162 polest.
1206 5083 1329 5157 Primo,
1351 5084 1421 5162 qula
1448 5099 1475 5144 s.
1493 5079 1663 5160 cgprianus
1678 5075 1851 5169 virginibus

70 5179 142 5225 eum
161 5162 246 5240 loqui
273 5165 311 5226 de
328 5163 412 5236 illis,
430 5180 508 5242 quun
530 5164 666 5228 nondum
692 5171 851 5228 rorarunt.
867 5164 940 5227 Nam
985 5167 1048 5229 illis
1063 5168 1122 5229 snb
1137 5166 1344 5244 disjunctione
1360 5163 1552 5238 concedunt
1567 5161 1728 5234 nubunt,sr
1742 5173 1854 5237 persev

71 5263 151 5322 guae
165 5247 265 5310 semel
280 5252 473 5312 voveruntet
486 5245 579 5310 iidem
595 5245 724 5326 primam
735 5245 938 5323 resciderunt,
986 5265 1091 5312 rernre
1106 5250 1228 5324 nolunt,
1244 5253 1295 5310 uui
1309 5263 1370 5310 nnn
1386 5253 1529 5328 possunt.
1545 5243 1678 5306 Proinde
1694 5243 1848 5317 coneedit,

72 5328 232 5404 quomodo
247 5335 377 5406 possunt
392 5329 566 5392 nuberene
580 5329 706 5408 primam
719 5327 813 5396 illam
825 5330 939 5392 rescin·
985 5337 1019 5394 ut
1036 5331 1152 5394 nubant
1165 5365 1175 5406 ,·
1190 5331 1216 5394 si
1233 5338 1346 5394 tuntum
1374 5331 1473 5393 nolint
1488 5341 1709 5408 perseverare,
1727 5326 1848 5388 etiamsi

74 5413 160 5486 rinnl,
178 5427 248 5474 curn
264 5411 328 5490 jam
344 5428 410 5473 eam
429 5411 666 5475 rescideriniiet
680 5429 749 5476 curn
766 5412 868 5490 ipsum
885 5429 939 5474 nu·
985 5415 1100 5494 alioqui
1117 5413 1287 5493 possintnTt
1301 5419 1371 5491 post
1385 5421 1486 5475 rutum
1504 5410 1620 5472 licitum
1643 5423 1716 5472 esse
1730 5407 1851 5474 nubere

74 5493 150 5556 bere
165 5540 173 5570 ‚
190 5496 231 5556 sii
246 5493 373 5572 primam
400 5493 492 5556 iidem
514 5493 719 5556 rescinderet
734 5493 940 5558 Tertullianus
985 5497 1024 5570 ei,
1042 5499 1092 5576 qui
1110 5511 1307 5574 perseverare
1322 5501 1435 5576 potest,
1447 5512 1485 5558 ue
1501 5493 1643 5556 Cainnas
1658 5490 1856 5576 quidemmut·

76 5579 159 5638 enim
175 5578 394 5654 interpretatur
409 5577 536 5656 primam
552 5575 641 5638 iidem
657 5577 837 5644 rescindere
853 5623 861 5656 ‚
877 5593 940 5646 non
985 5579 1092 5643 Petrus
1107 5580 1217 5660 llantur
1232 5578 1406 5641 alllrmuret.

77 5662 322 5740 perseverarem
339 5661 533 5738 professione
549 5660 716 5724 viduitatis.
1027 5663 1180 5739 Secundo,
1196 5664 1237 5732 de
1251 5662 1348 5730 sacris
1360 5661 1529 5742 uirginibus
1543 5659 1575 5727 in
1592 5659 1700 5724 eadern
1716 5655 1850 5738 epistola
