<?xml version="1.0" encoding="UTF-8"?>
<!DOCTYPE html PUBLIC "-//W3C//DTD XHTML 1.0 Transitional//EN"
    "http://www.w3.org/TR/xhtml1/DTD/xhtml1-transitional.dtd">
<html xmlns="http://www.w3.org/1999/xhtml" xml:lang="en" lang="en">
 <head>
  <title>
</title>
<meta http-equiv="Content-Type" content="text/html;charset=utf-8" />
  <meta name='ocr-system' content='tesseract 3.04.00' />
  <meta name='ocr-capabilities' content='ocr_page ocr_carea ocr_par ocr_line ocrx_word'/>
</head>
<body>
  <div class='ocr_page' id='page_1' title='image "./operaomnia02sforgoog/operaomnia02sforgoog_0287.png"; bbox 0 0 4086 6296; ppageno 0'>
   <div class='ocr_carea' id='block_1_1' title="bbox 275 301 1194 368">
    <p class='ocr_par' dir='ltr' id='par_1_1' title="bbox 275 301 1194 368">
     <span class='ocr_line' id='line_1_1' title="bbox 275 301 1194 368; baseline 0.004 -12"><span class='ocrx_word' id='word_1_1' title='bbox 275 301 329 362; x_wconf 79' lang='lat' dir='ltr'>att</span> <span class='ocrx_word' id='word_1_2' title='bbox 856 353 859 362; x_wconf 80' lang='grc'>,</span> <span class='ocrx_word' id='word_1_3' title='bbox 970 301 1014 368; x_wconf 83' lang='lat' dir='ltr'>DE</span> <span class='ocrx_word' id='word_1_4' title='bbox 1028 302 1194 363; x_wconf 76' lang='lat' dir='ltr'>dolatilia</span> 
     </span>
    </p>
   </div>
   <div class='ocr_carea' id='block_1_2' title="bbox 173 433 2031 5731">
    <p class='ocr_par' dir='ltr' id='par_1_2' title="bbox 173 433 2031 5731">
     <span class='ocr_line' id='line_1_2' title="bbox 191 433 1961 520; baseline 0.002 -24"><span class='ocrx_word' id='word_1_5' title='bbox 191 436 276 502; x_wconf 90' lang='lat' dir='ltr'>idem</span> <span class='ocrx_word' id='word_1_6' title='bbox 292 435 460 520; x_wconf 74' lang='lat' dir='ltr'>cyprianus</span> <span class='ocrx_word' id='word_1_7' title='bbox 473 436 614 511; x_wconf 80' lang='lat' dir='ltr'>blatteas</span> <span class='ocrx_word' id='word_1_8' title='bbox 628 433 807 518; x_wconf 75' lang='lat' dir='ltr'>grauissime</span> <span class='ocrx_word' id='word_1_9' title='bbox 819 447 949 514; x_wconf 90' lang='lat' dir='ltr'>peoeare</span> <span class='ocrx_word' id='word_1_10' title='bbox 961 435 987 500; x_wconf 94' lang='lat' dir='ltr'>si</span> <span class='ocrx_word' id='word_1_11' title='bbox 999 437 1052 500; x_wconf 93' lang='lat' dir='ltr'>ali·</span> <span class='ocrx_word' id='word_1_12' title='bbox 1097 435 1306 502; x_wconf 89' lang='lat' dir='ltr'>testimonium</span> <span class='ocrx_word' id='word_1_13' title='bbox 1321 451 1359 499; x_wconf 83' lang='lat' dir='ltr'>ex</span> <span class='ocrx_word' id='word_1_14' title='bbox 1372 433 1501 515; x_wconf 88' lang='lat' dir='ltr'>epistola</span> <span class='ocrx_word' id='word_1_15' title='bbox 1516 435 1552 499; x_wconf 87' lang='lat' dir='ltr'>ad</span> <span class='ocrx_word' id='word_1_16' title='bbox 1571 435 1785 514; x_wconf 85' lang='lat' dir='ltr'>hraoontlum,</span> <span class='ocrx_word' id='word_1_17' title='bbox 1802 437 1857 502; x_wconf 91' lang='lat' dir='ltr'>ubi</span> <span class='ocrx_word' id='word_1_18' title='bbox 1871 437 1961 508; x_wconf 87' lang='lat' dir='ltr'>dieit,</span> 
     </span>
     <span class='ocr_line' id='line_1_3' title="bbox 191 516 1963 602; baseline 0.001 -20"><span class='ocrx_word' id='word_1_19' title='bbox 191 522 243 583; x_wconf 87' lang='lat' dir='ltr'>aui</span> <span class='ocrx_word' id='word_1_20' title='bbox 258 523 321 584; x_wconf 84' lang='lat' dir='ltr'>viro</span> <span class='ocrx_word' id='word_1_21' title='bbox 338 521 523 584; x_wconf 74' lang='lat' dir='ltr'><strong>misceantur</strong></span> <span class='ocrx_word' id='word_1_22' title='bbox 537 537 545 596; x_wconf 90' lang='grc'>;</span> <span class='ocrx_word' id='word_1_23' title='bbox 561 527 592 582; x_wconf 90' lang='grc' dir='ltr'>ει</span> <span class='ocrx_word' id='word_1_24' title='bbox 605 535 667 582; x_wconf 93' lang='lat' dir='ltr'>non</span> <span class='ocrx_word' id='word_1_25' title='bbox 683 517 805 594; x_wconf 87' lang='lat' dir='ltr'>mariti,</span> <span class='ocrx_word' id='word_1_26' title='bbox 821 517 876 580; x_wconf 91' lang='grc' dir='ltr'>εει</span> <span class='ocrx_word' id='word_1_27' title='bbox 895 516 1005 582; x_wconf 79' lang='lat' dir='ltr'>Christi</span> <span class='ocrx_word' id='word_1_28' title='bbox 1018 537 1051 581; x_wconf 91' lang='lat' dir='ltr'>a·</span> <span class='ocrx_word' id='word_1_29' title='bbox 1096 537 1132 584; x_wconf 90' lang='lat' dir='ltr'>so</span> <span class='ocrx_word' id='word_1_30' title='bbox 1147 520 1450 602; x_wconf 87' lang='lat' dir='ltr'>norisseepisoopos</span> <span class='ocrx_word' id='word_1_31' title='bbox 1461 525 1492 583; x_wconf 90' lang='grc' dir='ltr'>ει</span> <span class='ocrx_word' id='word_1_32' title='bbox 1506 521 1741 602; x_wconf 76' lang='lat' dir='ltr'>monachosqui</span> <span class='ocrx_word' id='word_1_33' title='bbox 1752 521 1833 586; x_wconf 92' lang='lat' dir='ltr'>lilios</span> <span class='ocrx_word' id='word_1_34' title='bbox 1843 537 1963 602; x_wconf 77' lang='lat' dir='ltr'>penue-</span> 
     </span>
     <span class='ocr_line' id='line_1_4' title="bbox 192 599 1920 682; baseline 0.002 -18"><span class='ocrx_word' id='word_1_35' title='bbox 192 603 328 666; x_wconf 88' lang='lat' dir='ltr'>dulteras</span> <span class='ocrx_word' id='word_1_36' title='bbox 351 619 443 666; x_wconf 80' lang='lat' dir='ltr'>asso:</span> <span class='ocrx_word' id='word_1_37' title='bbox 461 599 1052 682; x_wconf 62' lang='lat' dir='ltr'>mamamanierasdnqnitmaratas</span> <span class='ocrx_word' id='word_1_38' title='bbox 1096 603 1173 666; x_wconf 90' lang='lat' dir='ltr'>rint.</span> <span class='ocrx_word' id='word_1_39' title='bbox 1918 649 1920 654; x_wconf 23' lang='lat' dir='ltr'>a</span> 
     </span>
     <span class='ocr_line' id='line_1_5' title="bbox 191 683 1962 765; baseline 0.001 -19"><span class='ocrx_word' id='word_1_40' title='bbox 191 701 346 762; x_wconf 80' lang='lat' dir='ltr'>sponsam</span> <span class='ocrx_word' id='word_1_41' title='bbox 358 701 454 748; x_wconf 83' lang='lat' dir='ltr'>satam</span> <span class='ocrx_word' id='word_1_42' title='bbox 463 685 627 763; x_wconf 77' lang='lat' dir='ltr'>jocantem</span> <span class='ocrx_word' id='word_1_43' title='bbox 646 699 721 747; x_wconf 86' lang='lat' dir='ltr'>eam</span> <span class='ocrx_word' id='word_1_44' title='bbox 734 683 834 746; x_wconf 88' lang='lat' dir='ltr'>altero</span> <span class='ocrx_word' id='word_1_45' title='bbox 847 683 957 746; x_wconf 81' lang='lat' dir='ltr'>rideat</span> <span class='ocrx_word' id='word_1_46' title='bbox 970 700 1052 749; x_wconf 85' lang='lat' dir='ltr'>aon·</span> <span class='ocrx_word' id='word_1_47' title='bbox 1098 727 1100 732; x_wconf 67' lang='lat'>,</span> <span class='ocrx_word' id='word_1_48' title='bbox 1135 684 1337 765; x_wconf 75' lang='lat' dir='ltr'>despondeo:</span> <span class='ocrx_word' id='word_1_49' title='bbox 1354 683 1414 747; x_wconf 86' lang='lat' dir='ltr'>llos</span> <span class='ocrx_word' id='word_1_50' title='bbox 1429 685 1520 748; x_wconf 90' lang='lat' dir='ltr'>etiam</span> <span class='ocrx_word' id='word_1_51' title='bbox 1534 684 1655 748; x_wconf 80' lang='lat' dir='ltr'>novisse</span> <span class='ocrx_word' id='word_1_52' title='bbox 1670 687 1838 765; x_wconf 90' lang='lat' dir='ltr'>permultos</span> <span class='ocrx_word' id='word_1_53' title='bbox 1854 703 1926 750; x_wconf 92' lang='lat' dir='ltr'>mon</span> <span class='ocrx_word' id='word_1_54' title='bbox 1951 719 1962 732; x_wconf 95' lang='lat'><strong>·</strong></span> 
     </span>
     <span class='ocr_line' id='line_1_6' title="bbox 191 766 1962 847; baseline 0.001 -16"><span class='ocrx_word' id='word_1_55' title='bbox 191 781 235 832; x_wconf 81' lang='lat' dir='ltr'>ua</span> <span class='ocrx_word' id='word_1_56' title='bbox 250 771 445 846; x_wconf 81' lang='lat' dir='ltr'>indipnotar</span> <span class='ocrx_word' id='word_1_57' title='bbox 471 773 501 830; x_wconf 90' lang='lat' dir='ltr'>et</span> <span class='ocrx_word' id='word_1_58' title='bbox 514 767 676 846; x_wconf 75' lang='lat' dir='ltr'>fremitfet</span> <span class='ocrx_word' id='word_1_59' title='bbox 687 767 821 846; x_wconf 79' lang='lat' dir='ltr'>paraeli</span> <span class='ocrx_word' id='word_1_60' title='bbox 834 766 978 830; x_wconf 86' lang='lat' dir='ltr'>dolorem</span> <span class='ocrx_word' id='word_1_61' title='bbox 988 768 1053 844; x_wconf 77' lang='lat' dir='ltr'>for·</span> <span class='ocrx_word' id='word_1_62' title='bbox 1095 767 1182 843; x_wconf 91' lang='lat' dir='ltr'>obos,</span> <span class='ocrx_word' id='word_1_63' title='bbox 1200 769 1250 847; x_wconf 91' lang='lat' dir='ltr'>qui</span> <span class='ocrx_word' id='word_1_64' title='bbox 1263 767 1359 830; x_wconf 76' lang='lat' dir='ltr'>&#39;simul</span> <span class='ocrx_word' id='word_1_65' title='bbox 1374 767 1464 830; x_wconf 88' lang='lat' dir='ltr'>otiam</span> <span class='ocrx_word' id='word_1_66' title='bbox 1481 768 1617 847; x_wconf 73' lang='lat' dir='ltr'>episcopi</span> <span class='ocrx_word' id='word_1_67' title='bbox 1636 768 1697 831; x_wconf 88' lang='lat' dir='ltr'>diei</span> <span class='ocrx_word' id='word_1_68' title='bbox 1712 769 1865 846; x_wconf 85' lang='lat' dir='ltr'>rotabant,</span> <span class='ocrx_word' id='word_1_69' title='bbox 1880 777 1912 832; x_wconf 85' lang='lat' dir='ltr'>at</span> <span class='ocrx_word' id='word_1_70' title='bbox 1926 768 1962 832; x_wconf 88' lang='lat' dir='ltr'>fi·</span> 
     </span>
     <span class='ocr_line' id='line_1_7' title="bbox 190 846 1961 930; baseline 0 -17"><span class='ocrx_word' id='word_1_71' title='bbox 190 853 287 914; x_wconf 85' lang='lat' dir='ltr'>tassia</span> <span class='ocrx_word' id='word_1_72' title='bbox 303 857 333 914; x_wconf 91' lang='grc' dir='ltr'>ει</span> <span class='ocrx_word' id='word_1_73' title='bbox 345 851 495 930; x_wconf 74' lang='lat' dir='ltr'>alodiam</span> <span class='ocrx_word' id='word_1_74' title='bbox 508 853 546 914; x_wconf 80' lang='lat' dir='ltr'>iat</span> <span class='ocrx_word' id='word_1_75' title='bbox 560 866 679 914; x_wconf 83' lang='lat' dir='ltr'>mamus</span> <span class='ocrx_word' id='word_1_76' title='bbox 691 846 895 925; x_wconf 78' lang='lat' dir='ltr'>samill’Qttid</span> <span class='ocrx_word' id='word_1_77' title='bbox 912 847 1053 914; x_wconf 75' lang='lat' dir='ltr'>damatus</span> <span class='ocrx_word' id='word_1_78' title='bbox 1094 851 1154 914; x_wconf 90' lang='lat' dir='ltr'>lios</span> <span class='ocrx_word' id='word_1_79' title='bbox 1169 855 1354 930; x_wconf 76' lang='lat' dir='ltr'>genuerunt,</span> <span class='ocrx_word' id='word_1_80' title='bbox 1371 849 1513 914; x_wconf 88' lang='lat' dir='ltr'>nimirum</span> <span class='ocrx_word' id='word_1_81' title='bbox 1529 851 1704 920; x_wconf 82' lang='lat' dir='ltr'>lutherum,</span> <span class='ocrx_word' id='word_1_82' title='bbox 1717 853 1961 924; x_wconf 67' lang='lat' dir='ltr'>Buoerumdlar·</span> 
     </span>
     <span class='ocr_line' id='line_1_8' title="bbox 193 931 1965 1016; baseline 0.002 -22"><span class='ocrx_word' id='word_1_83' title='bbox 193 933 349 998; x_wconf 84' lang='lat' dir='ltr'>Dominus</span> <span class='ocrx_word' id='word_1_84' title='bbox 361 939 389 996; x_wconf 90' lang='grc' dir='ltr'>ει</span> <span class='ocrx_word' id='word_1_85' title='bbox 395 933 504 1012; x_wconf 71' lang='lat' dir='ltr'>judeae</span> <span class='ocrx_word' id='word_1_86' title='bbox 515 933 981 1011; x_wconf 83' lang='lat' dir='ltr'>aestareumoirptnamsanm</span> <span class='ocrx_word' id='word_1_87' title='bbox 991 931 1054 996; x_wconf 85' lang='lat' dir='ltr'>sibi</span> <span class='ocrx_word' id='word_1_88' title='bbox 1095 942 1191 1014; x_wconf 75' lang='lat' dir='ltr'>tyram</span> <span class='ocrx_word' id='word_1_89' title='bbox 1206 979 1214 1004; x_wconf 94' lang='lat'>,</span> <span class='ocrx_word' id='word_1_90' title='bbox 1232 931 1384 996; x_wconf 81' lang='lat' dir='ltr'>boninum</span> <span class='ocrx_word' id='word_1_91' title='bbox 1401 979 1409 1006; x_wconf 95' lang='lat'>,</span> <span class='ocrx_word' id='word_1_92' title='bbox 1428 933 1717 1012; x_wconf 86' lang='lat' dir='ltr'>Oeaolampadium,</span> <span class='ocrx_word' id='word_1_93' title='bbox 1734 936 1916 1016; x_wconf 79' lang='lat' dir='ltr'>wipandum</span> <span class='ocrx_word' id='word_1_94' title='bbox 1932 939 1965 998; x_wconf 93' lang='grc' dir='ltr'>ει</span> 
     </span>
     <span class='ocr_line' id='line_1_9' title="bbox 188 1013 1963 1099; baseline 0.001 -21"><span class='ocrx_word' id='word_1_95' title='bbox 188 1017 380 1086; x_wconf 87' lang='lat' dir='ltr'>dicatam,et</span> <span class='ocrx_word' id='word_1_96' title='bbox 390 1013 967 1099; x_wconf 74' lang='lat' dir='ltr'>aaaetttrrtisuaedeatiaatomjooere</span> <span class='ocrx_word' id='word_1_97' title='bbox 978 1031 1052 1078; x_wconf 84' lang='lat' dir='ltr'>cara</span> <span class='ocrx_word' id='word_1_98' title='bbox 1094 1017 1184 1078; x_wconf 93' lang='lat' dir='ltr'>alios.</span> <span class='ocrx_word' id='word_1_99' title='bbox 1201 1015 1384 1079; x_wconf 76' lang='lat' dir='ltr'><strong>Athanasius</strong></span> <span class='ocrx_word' id='word_1_100' title='bbox 1399 1018 1481 1078; x_wconf 91' lang='lat' dir='ltr'>enim</span> <span class='ocrx_word' id='word_1_101' title='bbox 1497 1031 1534 1078; x_wconf 93' lang='lat' dir='ltr'>eo</span> <span class='ocrx_word' id='word_1_102' title='bbox 1547 1017 1615 1080; x_wconf 92' lang='lat' dir='ltr'>loao</span> <span class='ocrx_word' id='word_1_103' title='bbox 1629 1018 1828 1095; x_wconf 79' lang='lat' dir='ltr'>reprehendit</span> <span class='ocrx_word' id='word_1_104' title='bbox 1838 1020 1963 1098; x_wconf 90' lang='lat' dir='ltr'>episeo-</span> 
     </span>
     <span class='ocr_line' id='line_1_10' title="bbox 196 1096 2031 1181; baseline 0.001 -21"><span class='ocrx_word' id='word_1_105' title='bbox 196 1101 299 1162; x_wconf 88' lang='lat' dir='ltr'>oltoro</span> <span class='ocrx_word' id='word_1_106' title='bbox 311 1100 417 1162; x_wconf 42' lang='lat' dir='ltr'>xeerrait</span> <span class='ocrx_word' id='word_1_107' title='bbox 432 1145 440 1175; x_wconf 93' lang='lat'>,</span> <span class='ocrx_word' id='word_1_108' title='bbox 457 1116 559 1181; x_wconf 86' lang='lat' dir='ltr'>quara</span> <span class='ocrx_word' id='word_1_109' title='bbox 571 1100 766 1178; x_wconf 81' lang='lat' dir='ltr'>indlpnotur</span> <span class='ocrx_word' id='word_1_110' title='bbox 788 1102 819 1160; x_wconf 89' lang='lat' dir='ltr'>et</span> <span class='ocrx_word' id='word_1_111' title='bbox 831 1096 996 1160; x_wconf 83' lang='lat' dir='ltr'>irascitur.</span> <span class='ocrx_word' id='word_1_112' title='bbox 1012 1099 1052 1161; x_wconf 81' lang='lat' dir='ltr'>lit</span> <span class='ocrx_word' id='word_1_113' title='bbox 1094 1113 1152 1175; x_wconf 92' lang='lat' dir='ltr'>pos</span> <span class='ocrx_word' id='word_1_114' title='bbox 1167 1104 1197 1162; x_wconf 92' lang='lat' dir='ltr'>et</span> <span class='ocrx_word' id='word_1_115' title='bbox 1212 1098 1379 1164; x_wconf 86' lang='lat' dir='ltr'>monaabos</span> <span class='ocrx_word' id='word_1_116' title='bbox 1393 1098 1512 1178; x_wconf 89' lang='lat' dir='ltr'>perdita</span> <span class='ocrx_word' id='word_1_117' title='bbox 1527 1100 1716 1172; x_wconf 71' lang='lat' dir='ltr'>viventeque</span> <span class='ocrx_word' id='word_1_118' title='bbox 1727 1101 1811 1175; x_wconf 89' lang='lat' dir='ltr'>dinit,</span> <span class='ocrx_word' id='word_1_119' title='bbox 1825 1100 1962 1164; x_wconf 88' lang='lat' dir='ltr'>nonnul·</span> <span class='ocrx_word' id='word_1_120' title='bbox 2030 1117 2031 1120; x_wconf 44' lang='lat'>¹</span> 
     </span>
     <span class='ocr_line' id='line_1_11' title="bbox 190 1178 1962 1264; baseline 0.001 -21"><span class='ocrx_word' id='word_1_121' title='bbox 190 1197 273 1260; x_wconf 84' lang='lat' dir='ltr'>qaas</span> <span class='ocrx_word' id='word_1_122' title='bbox 285 1199 409 1260; x_wconf 82' lang='lat' dir='ltr'>paeana</span> <span class='ocrx_word' id='word_1_123' title='bbox 431 1183 563 1246; x_wconf 75' lang='lat' dir='ltr'>incestis</span> <span class='ocrx_word' id='word_1_124' title='bbox 585 1181 745 1261; x_wconf 67' lang='lat' dir='ltr'>eiusmodi</span> <span class='ocrx_word' id='word_1_125' title='bbox 769 1178 1051 1258; x_wconf 75' lang='lat' dir='ltr'>ooap&#39;uaatioaibaa</span> <span class='ocrx_word' id='word_1_126' title='bbox 1092 1181 1141 1244; x_wconf 90' lang='lat' dir='ltr'>los</span> <span class='ocrx_word' id='word_1_127' title='bbox 1157 1181 1296 1260; x_wconf 87' lang='lat' dir='ltr'>reperiri,</span> <span class='ocrx_word' id='word_1_128' title='bbox 1310 1181 1363 1262; x_wconf 94' lang='lat' dir='ltr'>qui</span> <span class='ocrx_word' id='word_1_129' title='bbox 1378 1179 1458 1244; x_wconf 89' lang='lat' dir='ltr'>filias</span> <span class='ocrx_word' id='word_1_130' title='bbox 1472 1184 1646 1260; x_wconf 80' lang='lat' dir='ltr'>genuerint.</span> <span class='ocrx_word' id='word_1_131' title='bbox 1663 1181 1735 1245; x_wconf 89' lang='lat' dir='ltr'>tiam</span> <span class='ocrx_word' id='word_1_132' title='bbox 1751 1183 1865 1264; x_wconf 79' lang='lat' dir='ltr'>alioqui</span> <span class='ocrx_word' id='word_1_133' title='bbox 1880 1185 1912 1245; x_wconf 90' lang='lat' dir='ltr'>id</span> <span class='ocrx_word' id='word_1_134' title='bbox 1923 1183 1962 1245; x_wconf 92' lang='lat' dir='ltr'>il·</span> 
     </span>
     <span class='ocr_line' id='line_1_12' title="bbox 186 1261 1962 1345; baseline 0.001 -19"><span class='ocrx_word' id='word_1_135' title='bbox 186 1265 429 1334; x_wconf 79' lang='lat' dir='ltr'>oommiaatarl</span> <span class='ocrx_word' id='word_1_136' title='bbox 444 1265 524 1328; x_wconf 88' lang='lat' dir='ltr'>Haeo</span> <span class='ocrx_word' id='word_1_137' title='bbox 538 1263 670 1328; x_wconf 82' lang='lat' dir='ltr'>illellon</span> <span class='ocrx_word' id='word_1_138' title='bbox 686 1277 759 1342; x_wconf 80' lang='lat' dir='ltr'>erqo</span> <span class='ocrx_word' id='word_1_139' title='bbox 774 1261 943 1343; x_wconf 75' lang='lat' dir='ltr'>Cyprianus</span> <span class='ocrx_word' id='word_1_140' title='bbox 954 1263 1053 1342; x_wconf 92' lang='lat' dir='ltr'>potuit</span> <span class='ocrx_word' id='word_1_141' title='bbox 1093 1263 1210 1326; x_wconf 81' lang='lat' dir='ltr'>linitum</span> <span class='ocrx_word' id='word_1_142' title='bbox 1225 1263 1321 1327; x_wconf 87' lang='lat' dir='ltr'>lirisse</span> <span class='ocrx_word' id='word_1_143' title='bbox 1343 1279 1380 1326; x_wconf 82' lang='lat' dir='ltr'>ex</span> <span class='ocrx_word' id='word_1_144' title='bbox 1396 1267 1547 1328; x_wconf 89' lang='lat' dir='ltr'>sententia</span> <span class='ocrx_word' id='word_1_145' title='bbox 1563 1265 1741 1338; x_wconf 75' lang='lat' dir='ltr'>athanasii,</span> <span class='ocrx_word' id='word_1_146' title='bbox 1758 1271 1842 1345; x_wconf 82' lang='lat' dir='ltr'>patet</span> <span class='ocrx_word' id='word_1_147' title='bbox 1855 1281 1893 1328; x_wconf 86' lang='lat' dir='ltr'>ex</span> <span class='ocrx_word' id='word_1_148' title='bbox 1908 1283 1962 1328; x_wconf 87' lang='lat' dir='ltr'>eo·</span> 
     </span>
     <span class='ocr_line' id='line_1_13' title="bbox 192 1342 1960 1428; baseline 0.002 -20"><span class='ocrx_word' id='word_1_149' title='bbox 192 1346 345 1426; x_wconf 82' lang='lat' dir='ltr'>ejusmodi</span> <span class='ocrx_word' id='word_1_150' title='bbox 362 1348 531 1428; x_wconf 81' lang='lat' dir='ltr'>uirginibus</span> <span class='ocrx_word' id='word_1_151' title='bbox 556 1347 620 1410; x_wconf 86' lang='lat' dir='ltr'>beo</span> <span class='ocrx_word' id='word_1_152' title='bbox 635 1342 743 1408; x_wconf 88' lang='lat' dir='ltr'>dieatis</span> <span class='ocrx_word' id='word_1_153' title='bbox 758 1345 880 1424; x_wconf 78' lang='lat' dir='ltr'>nuptias</span> <span class='ocrx_word' id='word_1_154' title='bbox 895 1344 1051 1424; x_wconf 90' lang='lat' dir='ltr'>permitte·</span> <span class='ocrx_word' id='word_1_155' title='bbox 1093 1346 1265 1414; x_wconf 87' lang='lat' dir='ltr'>hortatione</span> <span class='ocrx_word' id='word_1_156' title='bbox 1280 1347 1318 1410; x_wconf 88' lang='lat' dir='ltr'>ad</span> <span class='ocrx_word' id='word_1_157' title='bbox 1335 1346 1571 1418; x_wconf 83' lang='lat' dir='ltr'>monachos,ubi</span> <span class='ocrx_word' id='word_1_158' title='bbox 1589 1347 1739 1411; x_wconf 87' lang='lat' dir='ltr'>lateralia</span> <span class='ocrx_word' id='word_1_159' title='bbox 1756 1349 1960 1428; x_wconf 87' lang='lat' dir='ltr'>impedimen·</span> 
     </span>
     <span class='ocr_line' id='line_1_14' title="bbox 187 1427 1962 1512; baseline 0.002 -22"><span class='ocrx_word' id='word_1_160' title='bbox 187 1445 234 1502; x_wconf 89' lang='lat' dir='ltr'>re,</span> <span class='ocrx_word' id='word_1_161' title='bbox 252 1429 311 1492; x_wconf 90' lang='lat' dir='ltr'>nisi</span> <span class='ocrx_word' id='word_1_162' title='bbox 328 1431 475 1496; x_wconf 84' lang='lat' dir='ltr'>incestam</span> <span class='ocrx_word' id='word_1_163' title='bbox 488 1429 780 1512; x_wconf 63' lang='lat' dir='ltr'>conjunctionem‘et</span> <span class='ocrx_word' id='word_1_164' title='bbox 792 1427 982 1490; x_wconf 78' lang='lat' dir='ltr'>manifestam</span> <span class='ocrx_word' id='word_1_165' title='bbox 995 1427 1050 1491; x_wconf 88' lang='lat' dir='ltr'>Dei</span> <span class='ocrx_word' id='word_1_166' title='bbox 1093 1435 1121 1490; x_wconf 94' lang='lat' dir='ltr'>ta</span> <span class='ocrx_word' id='word_1_167' title='bbox 1137 1431 1323 1492; x_wconf 78' lang='lat' dir='ltr'>monasticae</span> <span class='ocrx_word' id='word_1_168' title='bbox 1337 1431 1416 1493; x_wconf 88' lang='lat' dir='ltr'>ritae</span> <span class='ocrx_word' id='word_1_169' title='bbox 1430 1430 1702 1510; x_wconf 76' lang='lat' dir='ltr'>ponttatllgatum</span> <span class='ocrx_word' id='word_1_170' title='bbox 1716 1445 1788 1499; x_wconf 91' lang='lat' dir='ltr'>esse</span> <span class='ocrx_word' id='word_1_171' title='bbox 1802 1433 1962 1508; x_wconf 82' lang='lat' dir='ltr'>uxori,aut</span> 
     </span>
     <span class='ocr_line' id='line_1_15' title="bbox 189 1510 1375 1594; baseline 0.003 -21"><span class='ocrx_word' id='word_1_172' title='bbox 189 1511 393 1579; x_wconf 87' lang='lat' dir='ltr'>offensionem</span> <span class='ocrx_word' id='word_1_173' title='bbox 410 1561 417 1587; x_wconf 91' lang='lat'>,</span> <span class='ocrx_word' id='word_1_174' title='bbox 435 1516 539 1594; x_wconf 90' lang='lat' dir='ltr'>seipso</span> <span class='ocrx_word' id='word_1_175' title='bbox 555 1520 643 1590; x_wconf 86' lang='lat' dir='ltr'>teste,</span> <span class='ocrx_word' id='word_1_176' title='bbox 661 1512 838 1593; x_wconf 88' lang='lat' dir='ltr'>permittere</span> <span class='ocrx_word' id='word_1_177' title='bbox 851 1510 958 1576; x_wconf 79' lang='lat' dir='ltr'>vellet.</span> <span class='ocrx_word' id='word_1_178' title='bbox 975 1510 1050 1586; x_wconf 84' lang='lat' dir='ltr'>Quis</span> <span class='ocrx_word' id='word_1_179' title='bbox 1092 1511 1166 1574; x_wconf 90' lang='lat' dir='ltr'>liliis</span> <span class='ocrx_word' id='word_1_180' title='bbox 1181 1513 1375 1591; x_wconf 89' lang='lat' dir='ltr'>impeditum.</span> 
     </span>
     <span class='ocr_line' id='line_1_16' title="bbox 187 1593 1961 1677; baseline 0.001 -20"><span class='ocrx_word' id='word_1_181' title='bbox 187 1609 262 1659; x_wconf 78' lang='lat' dir='ltr'>vero</span> <span class='ocrx_word' id='word_1_182' title='bbox 277 1599 382 1661; x_wconf 87' lang='lat' dir='ltr'>eredat</span> <span class='ocrx_word' id='word_1_183' title='bbox 397 1604 455 1660; x_wconf 90' lang='lat' dir='ltr'>tam</span> <span class='ocrx_word' id='word_1_184' title='bbox 470 1599 596 1661; x_wconf 89' lang='lat' dir='ltr'>stultum</span> <span class='ocrx_word' id='word_1_185' title='bbox 612 1593 796 1676; x_wconf 73' lang='lat' dir='ltr'>cyprianum</span> <span class='ocrx_word' id='word_1_186' title='bbox 807 1593 926 1666; x_wconf 88' lang='lat' dir='ltr'>fuisse,</span> <span class='ocrx_word' id='word_1_187' title='bbox 944 1600 976 1656; x_wconf 93' lang='lat' dir='ltr'>ut</span> <span class='ocrx_word' id='word_1_188' title='bbox 990 1597 1049 1658; x_wconf 91' lang='lat' dir='ltr'>sei·</span> <span class='ocrx_word' id='word_1_189' title='bbox 1125 1593 1322 1660; x_wconf 78' lang='lat' dir='ltr'>buodeoimo</span> <span class='ocrx_word' id='word_1_190' title='bbox 1336 1597 1406 1660; x_wconf 89' lang='lat' dir='ltr'>loeo</span> <span class='ocrx_word' id='word_1_191' title='bbox 1420 1596 1507 1674; x_wconf 91' lang='lat' dir='ltr'>ponit</span> <span class='ocrx_word' id='word_1_192' title='bbox 1521 1595 1678 1667; x_wconf 84' lang='lat' dir='ltr'>Basiliam,</span> <span class='ocrx_word' id='word_1_193' title='bbox 1694 1610 1786 1677; x_wconf 87' lang='lat' dir='ltr'>quem</span> <span class='ocrx_word' id='word_1_194' title='bbox 1800 1597 1839 1660; x_wconf 92' lang='lat' dir='ltr'>ab</span> <span class='ocrx_word' id='word_1_195' title='bbox 1855 1596 1961 1661; x_wconf 90' lang='lat' dir='ltr'>erudi·</span> 
     </span>
     <span class='ocr_line' id='line_1_17' title="bbox 187 1677 1959 1760; baseline 0.001 -20"><span class='ocrx_word' id='word_1_196' title='bbox 187 1693 256 1753; x_wconf 89' lang='lat' dir='ltr'>ens,</span> <span class='ocrx_word' id='word_1_197' title='bbox 274 1685 304 1741; x_wconf 92' lang='lat' dir='ltr'>et</span> <span class='ocrx_word' id='word_1_198' title='bbox 317 1682 453 1757; x_wconf 86' lang='lat' dir='ltr'>prudens</span> <span class='ocrx_word' id='word_1_199' title='bbox 468 1680 646 1760; x_wconf 78' lang='lat' dir='ltr'>gravissima</span> <span class='ocrx_word' id='word_1_200' title='bbox 662 1677 788 1740; x_wconf 80' lang='lat' dir='ltr'>&#39;erimina</span> <span class='ocrx_word' id='word_1_201' title='bbox 804 1677 1010 1755; x_wconf 80' lang='lat' dir='ltr'>permitteret?</span> <span class='ocrx_word' id='word_1_202' title='bbox 1047 1733 1049 1740; x_wconf 48' lang='grc'><strong>.</strong></span> <span class='ocrx_word' id='word_1_203' title='bbox 1092 1677 1175 1740; x_wconf 85' lang='grc' dir='ltr'>ιίοιε</span> <span class='ocrx_word' id='word_1_204' title='bbox 1190 1684 1221 1742; x_wconf 86' lang='grc' dir='ltr'>ει</span> <span class='ocrx_word' id='word_1_205' title='bbox 1236 1679 1372 1742; x_wconf 82' lang='lat' dir='ltr'>doctrina</span> <span class='ocrx_word' id='word_1_206' title='bbox 1388 1695 1532 1757; x_wconf 74' lang='lat' dir='ltr'>magnum</span> <span class='ocrx_word' id='word_1_207' title='bbox 1560 1679 1747 1758; x_wconf 88' lang='lat' dir='ltr'>appellatum</span> <span class='ocrx_word' id='word_1_208' title='bbox 1760 1678 1858 1743; x_wconf 87' lang='lat' dir='ltr'>fuisse</span> <span class='ocrx_word' id='word_1_209' title='bbox 1870 1680 1959 1742; x_wconf 91' lang='lat' dir='ltr'>diait.</span> 
     </span>
     <span class='ocr_line' id='line_1_18' title="bbox 229 1758 1960 1844; baseline 0.001 -22"><span class='ocrx_word' id='word_1_210' title='bbox 229 1761 344 1834; x_wconf 82' lang='lat' dir='ltr'>Tertio,</span> <span class='ocrx_word' id='word_1_211' title='bbox 362 1764 401 1826; x_wconf 92' lang='lat' dir='ltr'>de</span> <span class='ocrx_word' id='word_1_212' title='bbox 416 1762 586 1842; x_wconf 79' lang='lat' dir='ltr'>virginibus</span> <span class='ocrx_word' id='word_1_213' title='bbox 601 1760 664 1824; x_wconf 88' lang='lat' dir='ltr'>Deo</span> <span class='ocrx_word' id='word_1_214' title='bbox 679 1759 799 1832; x_wconf 79' lang='lat' dir='ltr'>dianas,</span> <span class='ocrx_word' id='word_1_215' title='bbox 816 1758 971 1838; x_wconf 86' lang='lat' dir='ltr'>quaejam</span> <span class='ocrx_word' id='word_1_216' title='bbox 985 1759 1050 1838; x_wconf 92' lang='lat' dir='ltr'>lap·</span> <span class='ocrx_word' id='word_1_217' title='bbox 1093 1759 1209 1824; x_wconf 78' lang='lat' dir='ltr'>Profert</span> <span class='ocrx_word' id='word_1_218' title='bbox 1223 1767 1322 1824; x_wconf 91' lang='lat' dir='ltr'>aulem</span> <span class='ocrx_word' id='word_1_219' title='bbox 1338 1777 1434 1823; x_wconf 90' lang='lat' dir='ltr'>unum</span> <span class='ocrx_word' id='word_1_220' title='bbox 1450 1763 1658 1826; x_wconf 87' lang='lat' dir='ltr'>testimonium</span> <span class='ocrx_word' id='word_1_221' title='bbox 1674 1776 1711 1824; x_wconf 83' lang='lat' dir='ltr'>ex</span> <span class='ocrx_word' id='word_1_222' title='bbox 1726 1761 1805 1824; x_wconf 88' lang='lat' dir='ltr'>libro</span> <span class='ocrx_word' id='word_1_223' title='bbox 1817 1764 1856 1826; x_wconf 90' lang='lat' dir='ltr'>de</span> <span class='ocrx_word' id='word_1_224' title='bbox 1867 1763 1960 1844; x_wconf 78' lang='lat' dir='ltr'>virgi·</span> 
     </span>
     <span class='ocr_line' id='line_1_19' title="bbox 187 1841 1960 1926; baseline 0.002 -22"><span class='ocrx_word' id='word_1_225' title='bbox 187 1857 244 1905; x_wconf 90' lang='lat' dir='ltr'>sae</span> <span class='ocrx_word' id='word_1_226' title='bbox 259 1844 423 1921; x_wconf 89' lang='lat' dir='ltr'>fuerant,in</span> <span class='ocrx_word' id='word_1_227' title='bbox 440 1846 548 1908; x_wconf 90' lang='lat' dir='ltr'>eadam</span> <span class='ocrx_word' id='word_1_228' title='bbox 563 1843 695 1924; x_wconf 91' lang='lat' dir='ltr'>epistola</span> <span class='ocrx_word' id='word_1_229' title='bbox 705 1842 796 1921; x_wconf 81' lang='lat' dir='ltr'>jubet</span> <span class='ocrx_word' id='word_1_230' title='bbox 807 1848 841 1902; x_wconf 94' lang='lat' dir='ltr'>ut</span> <span class='ocrx_word' id='word_1_231' title='bbox 855 1847 1050 1920; x_wconf 85' lang='lat' dir='ltr'>separentur,</span> <span class='ocrx_word' id='word_1_232' title='bbox 1092 1841 1187 1906; x_wconf 91' lang='lat' dir='ltr'>nitate</span> <span class='ocrx_word' id='word_1_233' title='bbox 1201 1891 1210 1920; x_wconf 96' lang='lat'>,</span> <span class='ocrx_word' id='word_1_234' title='bbox 1226 1844 1279 1906; x_wconf 92' lang='lat' dir='ltr'>ubi</span> <span class='ocrx_word' id='word_1_235' title='bbox 1305 1844 1436 1907; x_wconf 82' lang='lat' dir='ltr'>Basilius</span> <span class='ocrx_word' id='word_1_236' title='bbox 1461 1845 1560 1924; x_wconf 75' lang='lat' dir='ltr'>arguit</span> <span class='ocrx_word' id='word_1_237' title='bbox 1576 1859 1680 1906; x_wconf 90' lang='lat' dir='ltr'>saoras</span> <span class='ocrx_word' id='word_1_238' title='bbox 1705 1845 1861 1926; x_wconf 77' lang='lat' dir='ltr'>virgines,</span> <span class='ocrx_word' id='word_1_239' title='bbox 1878 1861 1960 1924; x_wconf 92' lang='lat' dir='ltr'>quae</span> 
     </span>
     <span class='ocr_line' id='line_1_20' title="bbox 189 1924 1959 2008; baseline 0.003 -23"><span class='ocrx_word' id='word_1_240' title='bbox 189 1925 283 2003; x_wconf 89' lang='lat' dir='ltr'>idque</span> <span class='ocrx_word' id='word_1_241' title='bbox 298 1927 461 2008; x_wconf 81' lang='lat' dir='ltr'>aliquoties</span> <span class='ocrx_word' id='word_1_242' title='bbox 477 1929 633 2007; x_wconf 88' lang='lat' dir='ltr'>repetit,et</span> <span class='ocrx_word' id='word_1_243' title='bbox 647 1940 686 1987; x_wconf 87' lang='lat' dir='ltr'>ne</span> <span class='ocrx_word' id='word_1_244' title='bbox 700 1924 796 1986; x_wconf 89' lang='lat' dir='ltr'>semel</span> <span class='ocrx_word' id='word_1_245' title='bbox 808 1924 935 2002; x_wconf 87' lang='lat' dir='ltr'>quidam</span> <span class='ocrx_word' id='word_1_246' title='bbox 946 1925 1050 1988; x_wconf 89' lang='lat' dir='ltr'>admo·</span> <span class='ocrx_word' id='word_1_247' title='bbox 1092 1926 1211 2006; x_wconf 90' lang='lat' dir='ltr'>perdite</span> <span class='ocrx_word' id='word_1_248' title='bbox 1223 1934 1253 1990; x_wconf 90' lang='lat' dir='ltr'>ot</span> <span class='ocrx_word' id='word_1_249' title='bbox 1264 1926 1415 2006; x_wconf 78' lang='lat' dir='ltr'>flagitiose</span> <span class='ocrx_word' id='word_1_250' title='bbox 1429 1925 1581 2003; x_wconf 76' lang='lat' dir='ltr'>vivuntaa</span> <span class='ocrx_word' id='word_1_251' title='bbox 1593 1927 1773 2006; x_wconf 79' lang='lat' dir='ltr'>dioit,lonqe</span> <span class='ocrx_word' id='word_1_252' title='bbox 1785 1943 1857 1990; x_wconf 88' lang='lat' dir='ltr'>esse</span> <span class='ocrx_word' id='word_1_253' title='bbox 1870 1945 1959 2008; x_wconf 89' lang='lat' dir='ltr'>prae·</span> 
     </span>
     <span class='ocr_line' id='line_1_21' title="bbox 190 2007 1957 2088; baseline 0.002 -20"><span class='ocrx_word' id='word_1_254' title='bbox 190 2010 253 2080; x_wconf 93' lang='lat' dir='ltr'>net,</span> <span class='ocrx_word' id='word_1_255' title='bbox 271 2025 365 2087; x_wconf 93' lang='lat' dir='ltr'>posse</span> <span class='ocrx_word' id='word_1_256' title='bbox 380 2027 433 2073; x_wconf 88' lang='lat' dir='ltr'>eas</span> <span class='ocrx_word' id='word_1_257' title='bbox 447 2027 517 2072; x_wconf 91' lang='lat' dir='ltr'>oum</span> <span class='ocrx_word' id='word_1_258' title='bbox 532 2007 755 2088; x_wconf 86' lang='lat' dir='ltr'>stupratoribus</span> <span class='ocrx_word' id='word_1_259' title='bbox 770 2008 852 2076; x_wconf 88' lang='lat' dir='ltr'>suis,</span> <span class='ocrx_word' id='word_1_260' title='bbox 870 2011 921 2068; x_wconf 92' lang='lat' dir='ltr'>aut</span> <span class='ocrx_word' id='word_1_261' title='bbox 936 2024 1006 2070; x_wconf 87' lang='lat' dir='ltr'>eum</span> <span class='ocrx_word' id='word_1_262' title='bbox 1018 2025 1048 2070; x_wconf 91' lang='lat' dir='ltr'>a·</span> <span class='ocrx_word' id='word_1_263' title='bbox 1093 2009 1235 2071; x_wconf 91' lang='lat' dir='ltr'>stabilius</span> <span class='ocrx_word' id='word_1_264' title='bbox 1250 2010 1277 2071; x_wconf 92' lang='lat' dir='ltr'>si</span> <span class='ocrx_word' id='word_1_265' title='bbox 1300 2010 1382 2072; x_wconf 84' lang='lat' dir='ltr'>viros</span> <span class='ocrx_word' id='word_1_266' title='bbox 1398 2010 1551 2082; x_wconf 83' lang='lat' dir='ltr'>habeant,</span> <span class='ocrx_word' id='word_1_267' title='bbox 1568 2009 1692 2088; x_wconf 80' lang='lat' dir='ltr'>illisque</span> <span class='ocrx_word' id='word_1_268' title='bbox 1707 2009 1867 2088; x_wconf 76' lang='lat' dir='ltr'>subjectae</span> <span class='ocrx_word' id='word_1_269' title='bbox 1882 2011 1957 2086; x_wconf 87' lang='lat' dir='ltr'>sint,</span> 
     </span>
     <span class='ocr_line' id='line_1_22' title="bbox 189 2087 2031 2171; baseline 0.005 -20"><span class='ocrx_word' id='word_1_270' title='bbox 189 2089 240 2152; x_wconf 89' lang='lat' dir='ltr'>liis</span> <span class='ocrx_word' id='word_1_271' title='bbox 255 2090 334 2155; x_wconf 88' lang='lat' dir='ltr'>inire</span> <span class='ocrx_word' id='word_1_272' title='bbox 350 2091 587 2156; x_wconf 86' lang='lat' dir='ltr'>matrimonium:</span> <span class='ocrx_word' id='word_1_273' title='bbox 607 2089 746 2166; x_wconf 82' lang='lat' dir='ltr'>Quodsi,</span> <span class='ocrx_word' id='word_1_274' title='bbox 757 2087 1050 2167; x_wconf 84' lang='lat' dir='ltr'>inquit,obstimotoe</span> <span class='ocrx_word' id='word_1_275' title='bbox 1093 2095 1123 2152; x_wconf 89' lang='lat' dir='ltr'>et</span> <span class='ocrx_word' id='word_1_276' title='bbox 1137 2090 1271 2154; x_wconf 84' lang='lat' dir='ltr'>oillaium</span> <span class='ocrx_word' id='word_1_277' title='bbox 1286 2091 1470 2171; x_wconf 77' lang='lat' dir='ltr'>eonjugale.</span> <span class='ocrx_word' id='word_1_278' title='bbox 1489 2094 1521 2154; x_wconf 92' lang='lat' dir='ltr'>nt</span> <span class='ocrx_word' id='word_1_279' title='bbox 1535 2093 1646 2166; x_wconf 90' lang='lat' dir='ltr'>deaet,</span> <span class='ocrx_word' id='word_1_280' title='bbox 1669 2100 1842 2156; x_wconf 83' lang='lat' dir='ltr'>ereroeant:</span> <span class='ocrx_word' id='word_1_281' title='bbox 1857 2093 1958 2168; x_wconf 83' lang='lat' dir='ltr'>tlibii,</span> <span class='ocrx_word' id='word_1_282' title='bbox 2030 2133 2031 2160; x_wconf 68' lang='lat' dir='ltr'>r</span> 
     </span>
     <span class='ocr_line' id='line_1_23' title="bbox 192 2172 1845 2253; baseline 0.001 -17"><span class='ocrx_word' id='word_1_283' title='bbox 192 2183 409 2252; x_wconf 79' lang='lat' dir='ltr'>perseverant,</span> <span class='ocrx_word' id='word_1_284' title='bbox 424 2191 485 2238; x_wconf 83' lang='lat' dir='ltr'>mee</span> <span class='ocrx_word' id='word_1_285' title='bbox 498 2191 533 2238; x_wconf 90' lang='lat' dir='ltr'>sa</span> <span class='ocrx_word' id='word_1_286' title='bbox 546 2174 588 2237; x_wconf 91' lang='lat' dir='ltr'>ab</span> <span class='ocrx_word' id='word_1_287' title='bbox 601 2173 740 2236; x_wconf 81' lang='lat' dir='ltr'>iauiaem</span> <span class='ocrx_word' id='word_1_288' title='bbox 752 2179 929 2252; x_wconf 82' lang='lat' dir='ltr'>soporant,</span> <span class='ocrx_word' id='word_1_289' title='bbox 944 2173 1051 2236; x_wconf 83' lang='lat' dir='ltr'>saiamt</span> <span class='ocrx_word' id='word_1_290' title='bbox 1094 2173 1194 2252; x_wconf 91' lang='lat' dir='ltr'>iuquit</span> <span class='ocrx_word' id='word_1_291' title='bbox 1208 2173 1327 2253; x_wconf 77' lang='lat' dir='ltr'>llartpr,</span> <span class='ocrx_word' id='word_1_292' title='bbox 1343 2189 1403 2252; x_wconf 89' lang='lat' dir='ltr'>pro</span> <span class='ocrx_word' id='word_1_293' title='bbox 1416 2172 1510 2237; x_wconf 85' lang='lat' dir='ltr'>mobis</span> <span class='ocrx_word' id='word_1_294' title='bbox 1524 2175 1592 2238; x_wconf 82' lang='lat' dir='ltr'>diei</span> <span class='ocrx_word' id='word_1_295' title='bbox 1603 2175 1709 2253; x_wconf 87' lang='lat' dir='ltr'>potuit</span> <span class='ocrx_word' id='word_1_296' title='bbox 1724 2176 1845 2253; x_wconf 81' lang='lat' dir='ltr'>nptias.</span> 
     </span>
     <span class='ocr_line' id='line_1_24' title="bbox 190 2255 1958 2338; baseline 0.003 -22"><span class='ocrx_word' id='word_1_297' title='bbox 190 2269 224 2316; x_wconf 88' lang='lat' dir='ltr'>ae</span> <span class='ocrx_word' id='word_1_298' title='bbox 236 2257 636 2338; x_wconf 82' lang='lat' dir='ltr'>euaabuaauoimpudiea</span> <span class='ocrx_word' id='word_1_299' title='bbox 647 2255 1051 2335; x_wconf 80' lang='lat' dir='ltr'>obstinationanumqaam</span> <span class='ocrx_word' id='word_1_300' title='bbox 1134 2255 1330 2336; x_wconf 86' lang='lat' dir='ltr'>Respondeo:</span> <span class='ocrx_word' id='word_1_301' title='bbox 1346 2255 1412 2318; x_wconf 89' lang='lat' dir='ltr'>llon</span> <span class='ocrx_word' id='word_1_302' title='bbox 1428 2263 1532 2319; x_wconf 90' lang='lat' dir='ltr'>monet</span> <span class='ocrx_word' id='word_1_303' title='bbox 1545 2257 1687 2331; x_wconf 87' lang='lat' dir='ltr'>Basilius,</span> <span class='ocrx_word' id='word_1_304' title='bbox 1705 2264 1738 2318; x_wconf 92' lang='lat' dir='ltr'>ut</span> <span class='ocrx_word' id='word_1_305' title='bbox 1749 2273 1854 2320; x_wconf 87' lang='lat' dir='ltr'>saurae</span> <span class='ocrx_word' id='word_1_306' title='bbox 1865 2257 1958 2337; x_wconf 81' lang='lat' dir='ltr'>riagi-</span> 
     </span>
     <span class='ocr_line' id='line_1_25' title="bbox 186 2337 1959 2419; baseline 0.002 -19"><span class='ocrx_word' id='word_1_307' title='bbox 186 2353 211 2400; x_wconf 88' lang='lat' dir='ltr'>a</span> <span class='ocrx_word' id='word_1_308' title='bbox 223 2337 317 2402; x_wconf 73' lang='lat' dir='ltr'>mohab</span> <span class='ocrx_word' id='word_1_309' title='bbox 332 2342 461 2404; x_wconf 76' lang='lat' dir='ltr'>admitti</span> <span class='ocrx_word' id='word_1_310' title='bbox 473 2339 799 2417; x_wconf 78' lang='lat' dir='ltr'>indoaleatampossa</span> <span class='ocrx_word' id='word_1_311' title='bbox 811 2337 968 2416; x_wconf 79' lang='lat' dir='ltr'>etelqitur</span> <span class='ocrx_word' id='word_1_312' title='bbox 979 2354 1049 2402; x_wconf 87' lang='lat' dir='ltr'>aum</span> <span class='ocrx_word' id='word_1_313' title='bbox 1095 2353 1165 2416; x_wconf 83' lang='lat' dir='ltr'>nes3</span> <span class='ocrx_word' id='word_1_314' title='bbox 1176 2353 1259 2419; x_wconf 92' lang='lat' dir='ltr'>quae</span> <span class='ocrx_word' id='word_1_315' title='bbox 1272 2338 1426 2418; x_wconf 77' lang='lat' dir='ltr'>flagitioso</span> <span class='ocrx_word' id='word_1_316' title='bbox 1437 2339 1559 2414; x_wconf 76' lang='lat' dir='ltr'>attunt,</span> <span class='ocrx_word' id='word_1_317' title='bbox 1576 2339 1682 2403; x_wconf 87' lang='lat' dir='ltr'>retiola</span> <span class='ocrx_word' id='word_1_318' title='bbox 1695 2337 1889 2418; x_wconf 79' lang='lat' dir='ltr'>professione</span> <span class='ocrx_word' id='word_1_319' title='bbox 1901 2357 1959 2403; x_wconf 91' lang='lat' dir='ltr'>nu·</span> 
     </span>
     <span class='ocr_line' id='line_1_26' title="bbox 188 2413 1958 2501; baseline 0.001 -19"><span class='ocrx_word' id='word_1_320' title='bbox 188 2437 281 2499; x_wconf 92' lang='lat' dir='ltr'>supra</span> <span class='ocrx_word' id='word_1_321' title='bbox 298 2424 494 2500; x_wconf 90' lang='lat' dir='ltr'>monebat,ut</span> <span class='ocrx_word' id='word_1_322' title='bbox 509 2413 733 2495; x_wconf 86' lang='lat' dir='ltr'>nuboranl,non</span> <span class='ocrx_word' id='word_1_323' title='bbox 749 2421 788 2483; x_wconf 89' lang='lat' dir='ltr'>do</span> <span class='ocrx_word' id='word_1_324' title='bbox 802 2419 841 2482; x_wconf 92' lang='lat' dir='ltr'>iis</span> <span class='ocrx_word' id='word_1_325' title='bbox 856 2419 1049 2500; x_wconf 90' lang='lat' dir='ltr'>loquebatur,</span> <span class='ocrx_word' id='word_1_326' title='bbox 1093 2419 1178 2494; x_wconf 91' lang='lat' dir='ltr'>bant,</span> <span class='ocrx_word' id='word_1_327' title='bbox 1194 2421 1251 2484; x_wconf 92' lang='lat' dir='ltr'>sed</span> <span class='ocrx_word' id='word_1_328' title='bbox 1266 2422 1358 2497; x_wconf 88' lang='lat' dir='ltr'>dioit,</span> <span class='ocrx_word' id='word_1_329' title='bbox 1375 2421 1487 2484; x_wconf 91' lang='lat' dir='ltr'>melius</span> <span class='ocrx_word' id='word_1_330' title='bbox 1501 2420 1599 2484; x_wconf 88' lang='lat' dir='ltr'>foisse</span> <span class='ocrx_word' id='word_1_331' title='bbox 1615 2423 1747 2484; x_wconf 88' lang='lat' dir='ltr'>latarum</span> <span class='ocrx_word' id='word_1_332' title='bbox 1762 2465 1770 2496; x_wconf 92' lang='lat'>,</span> <span class='ocrx_word' id='word_1_333' title='bbox 1787 2424 1813 2484; x_wconf 92' lang='lat' dir='ltr'>si</span> <span class='ocrx_word' id='word_1_334' title='bbox 1831 2425 1958 2501; x_wconf 87' lang='lat' dir='ltr'>nupsis-</span> 
     </span>
     <span class='ocr_line' id='line_1_27' title="bbox 189 2501 1958 2584; baseline 0.001 -18"><span class='ocrx_word' id='word_1_335' title='bbox 189 2519 269 2582; x_wconf 92' lang='lat' dir='ltr'>quae</span> <span class='ocrx_word' id='word_1_336' title='bbox 283 2503 347 2584; x_wconf 89' lang='lat' dir='ltr'>jam</span> <span class='ocrx_word' id='word_1_337' title='bbox 362 2507 580 2579; x_wconf 75' lang='lat' dir='ltr'>voverantsed</span> <span class='ocrx_word' id='word_1_338' title='bbox 597 2505 636 2568; x_wconf 89' lang='lat' dir='ltr'>de</span> <span class='ocrx_word' id='word_1_339' title='bbox 649 2503 782 2584; x_wconf 90' lang='lat' dir='ltr'>iis,quae</span> <span class='ocrx_word' id='word_1_340' title='bbox 796 2503 898 2564; x_wconf 88' lang='lat' dir='ltr'>adhue</span> <span class='ocrx_word' id='word_1_341' title='bbox 909 2503 957 2566; x_wconf 91' lang='lat' dir='ltr'>sui</span> <span class='ocrx_word' id='word_1_342' title='bbox 969 2501 1049 2583; x_wconf 88' lang='lat' dir='ltr'>juris</span> <span class='ocrx_word' id='word_1_343' title='bbox 1094 2509 1164 2566; x_wconf 92' lang='lat' dir='ltr'>sent</span> <span class='ocrx_word' id='word_1_344' title='bbox 1177 2509 1339 2583; x_wconf 90' lang='lat' dir='ltr'>antequam</span> <span class='ocrx_word' id='word_1_345' title='bbox 1364 2511 1518 2566; x_wconf 87' lang='lat' dir='ltr'>rorarent.</span> <span class='ocrx_word' id='word_1_346' title='bbox 1536 2504 1645 2568; x_wconf 88' lang='lat' dir='ltr'>llelius</span> <span class='ocrx_word' id='word_1_347' title='bbox 1668 2506 1750 2568; x_wconf 88' lang='lat' dir='ltr'>enim</span> <span class='ocrx_word' id='word_1_348' title='bbox 1767 2509 1815 2567; x_wconf 93' lang='lat' dir='ltr'>est</span> <span class='ocrx_word' id='word_1_349' title='bbox 1828 2505 1858 2567; x_wconf 93' lang='lat' dir='ltr'>in</span> <span class='ocrx_word' id='word_1_350' title='bbox 1874 2510 1958 2568; x_wconf 91' lang='lat' dir='ltr'>statu</span> 
     </span>
     <span class='ocr_line' id='line_1_28' title="bbox 190 2585 1958 2665; baseline 0.001 -17"><span class='ocrx_word' id='word_1_351' title='bbox 190 2593 289 2648; x_wconf 86' lang='lat' dir='ltr'>arant.</span> <span class='ocrx_word' id='word_1_352' title='bbox 459 2623 465 2630; x_wconf 85' lang='lat'>-</span> <span class='ocrx_word' id='word_1_353' title='bbox 1094 2585 1257 2650; x_wconf 88' lang='lat' dir='ltr'>humiliore</span> <span class='ocrx_word' id='word_1_354' title='bbox 1272 2586 1393 2660; x_wconf 80' lang='lat' dir='ltr'>saltari,</span> <span class='ocrx_word' id='word_1_355' title='bbox 1409 2603 1500 2665; x_wconf 91' lang='lat' dir='ltr'>quam</span> <span class='ocrx_word' id='word_1_356' title='bbox 1514 2586 1545 2649; x_wconf 93' lang='lat' dir='ltr'>in</span> <span class='ocrx_word' id='word_1_357' title='bbox 1560 2586 1684 2650; x_wconf 90' lang='lat' dir='ltr'>sublimi</span> <span class='ocrx_word' id='word_1_358' title='bbox 1699 2587 1848 2649; x_wconf 87' lang='lat' dir='ltr'>damnari.</span> <span class='ocrx_word' id='word_1_359' title='bbox 1861 2587 1897 2650; x_wconf 93' lang='lat' dir='ltr'>Id</span> <span class='ocrx_word' id='word_1_360' title='bbox 1917 2589 1958 2650; x_wconf 91' lang='lat' dir='ltr'>ita</span> 
     </span>
     <span class='ocr_line' id='line_1_29' title="bbox 231 2666 1959 2751; baseline 0.003 -23"><span class='ocrx_word' id='word_1_361' title='bbox 231 2667 324 2750; x_wconf 79' lang='lat' dir='ltr'>Urget</span> <span class='ocrx_word' id='word_1_362' title='bbox 338 2669 446 2734; x_wconf 91' lang='lat' dir='ltr'>Petrus</span> <span class='ocrx_word' id='word_1_363' title='bbox 461 2671 571 2751; x_wconf 77' lang='lat' dir='ltr'>llartpr</span> <span class='ocrx_word' id='word_1_364' title='bbox 582 2668 661 2732; x_wconf 92' lang='lat' dir='ltr'>illud</span> <span class='ocrx_word' id='word_1_365' title='bbox 677 2666 889 2732; x_wconf 75' lang='lat' dir='ltr'>terbumzalaat</span> <span class='ocrx_word' id='word_1_366' title='bbox 900 2683 969 2731; x_wconf 82' lang='lat' dir='ltr'>mom</span> <span class='ocrx_word' id='word_1_367' title='bbox 979 2685 1050 2748; x_wconf 87' lang='lat' dir='ltr'>poa·</span> <span class='ocrx_word' id='word_1_368' title='bbox 1094 2683 1165 2732; x_wconf 86' lang='lat' dir='ltr'>osse</span> <span class='ocrx_word' id='word_1_369' title='bbox 1179 2669 1307 2749; x_wconf 90' lang='lat' dir='ltr'>planum</span> <span class='ocrx_word' id='word_1_370' title='bbox 1321 2674 1369 2733; x_wconf 87' lang='lat' dir='ltr'>est</span> <span class='ocrx_word' id='word_1_371' title='bbox 1384 2675 1445 2731; x_wconf 91' lang='lat' dir='ltr'>tum</span> <span class='ocrx_word' id='word_1_372' title='bbox 1460 2670 1571 2732; x_wconf 83' lang='lat' dir='ltr'>exiliis</span> <span class='ocrx_word' id='word_1_373' title='bbox 1583 2669 1781 2733; x_wconf 74' lang='lat' dir='ltr'>verbistNom</span> <span class='ocrx_word' id='word_1_374' title='bbox 1791 2671 1821 2732; x_wconf 83' lang='lat' dir='ltr'>si</span> <span class='ocrx_word' id='word_1_375' title='bbox 1831 2669 1959 2750; x_wconf 79' lang='lat' dir='ltr'>objecto</span> 
     </span>
     <span class='ocr_line' id='line_1_30' title="bbox 189 2749 1958 2835; baseline 0.002 -23"><span class='ocrx_word' id='word_1_376' title='bbox 189 2756 280 2827; x_wconf 73' lang='lat' dir='ltr'>sumt·</span> <span class='ocrx_word' id='word_1_377' title='bbox 296 2753 384 2830; x_wconf 91' lang='lat' dir='ltr'>quasi</span> <span class='ocrx_word' id='word_1_378' title='bbox 399 2755 520 2835; x_wconf 86' lang='lat' dir='ltr'>aliquae</span> <span class='ocrx_word' id='word_1_379' title='bbox 534 2754 596 2816; x_wconf 92' lang='lat' dir='ltr'>sint</span> <span class='ocrx_word' id='word_1_380' title='bbox 610 2767 689 2832; x_wconf 92' lang='lat' dir='ltr'>quae</span> <span class='ocrx_word' id='word_1_381' title='bbox 703 2751 844 2814; x_wconf 91' lang='lat' dir='ltr'>absolute</span> <span class='ocrx_word' id='word_1_382' title='bbox 857 2751 1051 2829; x_wconf 89' lang='lat' dir='ltr'>nonpossint</span> <span class='ocrx_word' id='word_1_383' title='bbox 1093 2751 1158 2815; x_wconf 80' lang='lat' dir='ltr'>oiri</span> <span class='ocrx_word' id='word_1_384' title='bbox 1164 2751 1292 2831; x_wconf 68' lang='lat' dir='ltr'>jupoat</span> <span class='ocrx_word' id='word_1_385' title='bbox 1305 2755 1351 2817; x_wconf 88' lang='lat' dir='ltr'>ad</span> <span class='ocrx_word' id='word_1_386' title='bbox 1359 2752 1522 2828; x_wconf 74' lang='lat' dir='ltr'>etiamad</span> <span class='ocrx_word' id='word_1_387' title='bbox 1533 2767 1635 2834; x_wconf 88' lang='lat' dir='ltr'>quom</span> <span class='ocrx_word' id='word_1_388' title='bbox 1645 2749 1890 2816; x_wconf 79' lang='lat' dir='ltr'>eortseroaadoe</span> <span class='ocrx_word' id='word_1_389' title='bbox 1901 2755 1958 2816; x_wconf 93' lang='lat' dir='ltr'>do·</span> 
     </span>
     <span class='ocr_line' id='line_1_31' title="bbox 185 2833 1959 2914; baseline 0.003 -21"><span class='ocrx_word' id='word_1_390' title='bbox 185 2835 348 2898; x_wconf 87' lang='lat' dir='ltr'>eontiaere</span> <span class='ocrx_word' id='word_1_391' title='bbox 363 2882 371 2905; x_wconf 85' lang='lat'>,</span> <span class='ocrx_word' id='word_1_392' title='bbox 389 2836 510 2900; x_wconf 89' lang='lat' dir='ltr'>etiamsi</span> <span class='ocrx_word' id='word_1_393' title='bbox 534 2836 639 2899; x_wconf 82' lang='lat' dir='ltr'>velint.</span> <span class='ocrx_word' id='word_1_394' title='bbox 656 2833 715 2897; x_wconf 87' lang='lat' dir='ltr'>Sed</span> <span class='ocrx_word' id='word_1_395' title='bbox 732 2833 791 2895; x_wconf 90' lang='lat' dir='ltr'>hoe</span> <span class='ocrx_word' id='word_1_396' title='bbox 811 2849 904 2912; x_wconf 91' lang='lat' dir='ltr'>supra</span> <span class='ocrx_word' id='word_1_397' title='bbox 918 2833 1051 2911; x_wconf 84' lang='lat' dir='ltr'>explioa·</span> <span class='ocrx_word' id='word_1_398' title='bbox 1092 2848 1178 2906; x_wconf 83' lang='lat' dir='ltr'>mas,</span> <span class='ocrx_word' id='word_1_399' title='bbox 1192 2839 1225 2898; x_wconf 80' lang='grc' dir='ltr'>ἐι</span> <span class='ocrx_word' id='word_1_400' title='bbox 1237 2835 1518 2913; x_wconf 77' lang='lat' dir='ltr'>procreandorum</span> <span class='ocrx_word' id='word_1_401' title='bbox 1532 2835 1709 2898; x_wconf 80' lang='lat' dir='ltr'>liberorum</span> <span class='ocrx_word' id='word_1_402' title='bbox 1721 2835 1849 2914; x_wconf 86' lang='lat' dir='ltr'>pratia,</span> <span class='ocrx_word' id='word_1_403' title='bbox 1864 2836 1959 2914; x_wconf 72' lang='lat' dir='ltr'>faeta</span> 
     </span>
     <span class='ocr_line' id='line_1_32' title="bbox 192 2915 1958 2999; baseline 0.005 -25"><span class='ocrx_word' id='word_1_404' title='bbox 192 2921 255 2976; x_wconf 92' lang='lat' dir='ltr'>tum</span> <span class='ocrx_word' id='word_1_405' title='bbox 282 2923 339 2980; x_wconf 90' lang='lat' dir='ltr'>est.</span> <span class='ocrx_word' id='word_1_406' title='bbox 356 2919 407 2982; x_wconf 88' lang='lat' dir='ltr'>Sia</span> <span class='ocrx_word' id='word_1_407' title='bbox 432 2925 518 2983; x_wconf 66' lang='lat' dir='ltr'>eninr⁴</span> <span class='ocrx_word' id='word_1_408' title='bbox 531 2915 700 2999; x_wconf 75' lang='lat' dir='ltr'>Cyprianus</span> <span class='ocrx_word' id='word_1_409' title='bbox 723 2915 880 2995; x_wconf 91' lang='lat' dir='ltr'>loquitur,</span> <span class='ocrx_word' id='word_1_410' title='bbox 897 2918 1051 2994; x_wconf 90' lang='lat' dir='ltr'>quomodo</span> <span class='ocrx_word' id='word_1_411' title='bbox 1094 2921 1140 2978; x_wconf 86' lang='lat' dir='ltr'>eat</span> <span class='ocrx_word' id='word_1_412' title='bbox 1152 2917 1301 2994; x_wconf 82' lang='lat' dir='ltr'>inutilis,</span> <span class='ocrx_word' id='word_1_413' title='bbox 1318 2922 1348 2980; x_wconf 88' lang='lat' dir='ltr'>et</span> <span class='ocrx_word' id='word_1_414' title='bbox 1361 2917 1719 2998; x_wconf 76' lang='lat' dir='ltr'>professaeairpiaitati</span> <span class='ocrx_word' id='word_1_415' title='bbox 1732 2919 1892 2995; x_wconf 82' lang='lat' dir='ltr'>pudenda</span> <span class='ocrx_word' id='word_1_416' title='bbox 1905 2919 1958 2996; x_wconf 75' lang='lat' dir='ltr'>tu·</span> 
     </span>
     <span class='ocr_line' id='line_1_33' title="bbox 189 2995 1958 3080; baseline 0.003 -21"><span class='ocrx_word' id='word_1_417' title='bbox 189 2995 333 3062; x_wconf 69' lang='lat' dir='ltr'>cbristus</span> <span class='ocrx_word' id='word_1_418' title='bbox 348 3001 429 3080; x_wconf 90' lang='lat' dir='ltr'>ipse,</span> <span class='ocrx_word' id='word_1_419' title='bbox 446 3017 514 3065; x_wconf 90' lang='lat' dir='ltr'>oum</span> <span class='ocrx_word' id='word_1_420' title='bbox 530 3003 588 3076; x_wconf 94' lang='lat' dir='ltr'>ait,</span> <span class='ocrx_word' id='word_1_421' title='bbox 605 3001 657 3079; x_wconf 92' lang='lat' dir='ltr'>qui</span> <span class='ocrx_word' id='word_1_422' title='bbox 673 3003 774 3078; x_wconf 90' lang='lat' dir='ltr'>potest</span> <span class='ocrx_word' id='word_1_423' title='bbox 788 3015 899 3078; x_wconf 83' lang='lat' dir='ltr'>erpere</span> <span class='ocrx_word' id='word_1_424' title='bbox 913 3045 922 3075; x_wconf 98' lang='lat'>,</span> <span class='ocrx_word' id='word_1_425' title='bbox 938 2999 1049 3078; x_wconf 90' lang='lat' dir='ltr'>oapiat.</span> <span class='ocrx_word' id='word_1_426' title='bbox 1095 3003 1170 3062; x_wconf 86' lang='lat' dir='ltr'>tara</span> <span class='ocrx_word' id='word_1_427' title='bbox 1185 3006 1240 3072; x_wconf 84' lang='lat' dir='ltr'>eat,</span> <span class='ocrx_word' id='word_1_428' title='bbox 1258 3005 1324 3062; x_wconf 89' lang='lat' dir='ltr'>tota</span> <span class='ocrx_word' id='word_1_429' title='bbox 1336 3015 1388 3062; x_wconf 86' lang='lat' dir='ltr'>res</span> <span class='ocrx_word' id='word_1_430' title='bbox 1402 3000 1519 3066; x_wconf 84' lang='lat' dir='ltr'>dammi</span> <span class='ocrx_word' id='word_1_431' title='bbox 1529 3002 1631 3080; x_wconf 84' lang='lat' dir='ltr'>pleno</span> <span class='ocrx_word' id='word_1_432' title='bbox 1644 2999 1741 3064; x_wconf 76' lang='lat' dir='ltr'>eatdt</span> <span class='ocrx_word' id='word_1_433' title='bbox 1756 3002 1850 3080; x_wconf 73' lang='lat' dir='ltr'>tonna</span> <span class='ocrx_word' id='word_1_434' title='bbox 1860 3017 1958 3080; x_wconf 86' lang='lat' dir='ltr'>prae-</span> 
     </span>
     <span class='ocr_line' id='line_1_34' title="bbox 190 3079 1956 3162; baseline 0.003 -21"><span class='ocrx_word' id='word_1_435' title='bbox 190 3079 240 3142; x_wconf 92' lang='lat' dir='ltr'>llli</span> <span class='ocrx_word' id='word_1_436' title='bbox 256 3081 339 3143; x_wconf 90' lang='lat' dir='ltr'>enim</span> <span class='ocrx_word' id='word_1_437' title='bbox 354 3087 498 3162; x_wconf 82' lang='lat' dir='ltr'>dicuntur</span> <span class='ocrx_word' id='word_1_438' title='bbox 513 3081 591 3147; x_wconf 80' lang='lat' dir='ltr'>&#39;ralla</span> <span class='ocrx_word' id='word_1_439' title='bbox 619 3089 650 3146; x_wconf 89' lang='lat' dir='ltr'>et</span> <span class='ocrx_word' id='word_1_440' title='bbox 664 3097 726 3144; x_wconf 91' lang='lat' dir='ltr'>non</span> <span class='ocrx_word' id='word_1_441' title='bbox 741 3097 846 3160; x_wconf 89' lang='lat' dir='ltr'>posse,</span> <span class='ocrx_word' id='word_1_442' title='bbox 862 3081 915 3160; x_wconf 93' lang='lat' dir='ltr'>qui</span> <span class='ocrx_word' id='word_1_443' title='bbox 930 3082 1051 3144; x_wconf 90' lang='lat' dir='ltr'>deside·</span> <span class='ocrx_word' id='word_1_444' title='bbox 1094 3081 1243 3146; x_wconf 81' lang='lat' dir='ltr'>stabilitas</span> <span class='ocrx_word' id='word_1_445' title='bbox 1268 3088 1347 3146; x_wconf 83' lang='lat' dir='ltr'>esset</span> <span class='ocrx_word' id='word_1_446' title='bbox 1357 3084 1466 3160; x_wconf 86' lang='lat' dir='ltr'>ipsam</span> <span class='ocrx_word' id='word_1_447' title='bbox 1478 3084 1547 3146; x_wconf 86' lang='lat' dir='ltr'>uiro</span> <span class='ocrx_word' id='word_1_448' title='bbox 1569 3083 1779 3160; x_wconf 65' lang='lat' dir='ltr'>cardamatem</span> <span class='ocrx_word' id='word_1_449' title='bbox 1793 3085 1838 3147; x_wconf 90' lang='lat' dir='ltr'>ad</span> <span class='ocrx_word' id='word_1_450' title='bbox 1851 3085 1956 3148; x_wconf 70' lang='lat' dir='ltr'>ratam</span> 
     </span>
     <span class='ocr_line' id='line_1_35' title="bbox 173 3159 1954 3245; baseline 0.003 -21"><span class='ocrx_word' id='word_1_451' title='bbox 173 3168 256 3225; x_wconf 83' lang='lat' dir='ltr'>rant</span> <span class='ocrx_word' id='word_1_452' title='bbox 269 3165 439 3245; x_wconf 77' lang='lat' dir='ltr'>continere,</span> <span class='ocrx_word' id='word_1_453' title='bbox 456 3169 510 3230; x_wconf 89' lang='lat' dir='ltr'>sed</span> <span class='ocrx_word' id='word_1_454' title='bbox 533 3182 595 3230; x_wconf 90' lang='lat' dir='ltr'>non</span> <span class='ocrx_word' id='word_1_455' title='bbox 610 3168 700 3244; x_wconf 89' lang='lat' dir='ltr'>plena</span> <span class='ocrx_word' id='word_1_456' title='bbox 724 3169 754 3226; x_wconf 92' lang='grc' dir='ltr'>ει</span> <span class='ocrx_word' id='word_1_457' title='bbox 778 3165 914 3240; x_wconf 87' lang='lat' dir='ltr'>perlaeta</span> <span class='ocrx_word' id='word_1_458' title='bbox 943 3164 1050 3228; x_wconf 82' lang='lat' dir='ltr'>volun·</span> <span class='ocrx_word' id='word_1_459' title='bbox 1096 3164 1276 3244; x_wconf 70' lang='lat' dir='ltr'>puber-raoni</span> <span class='ocrx_word' id='word_1_460' title='bbox 1288 3171 1346 3228; x_wconf 88' lang='lat' dir='ltr'>ete.</span> <span class='ocrx_word' id='word_1_461' title='bbox 1359 3163 1415 3228; x_wconf 92' lang='lat' dir='ltr'>llbi</span> <span class='ocrx_word' id='word_1_462' title='bbox 1430 3164 1517 3228; x_wconf 88' lang='lat' dir='ltr'>rides</span> <span class='ocrx_word' id='word_1_463' title='bbox 1533 3167 1656 3244; x_wconf 89' lang='lat' dir='ltr'>nuptias</span> <span class='ocrx_word' id='word_1_464' title='bbox 1669 3159 1815 3239; x_wconf 75' lang='lat' dir='ltr'>suaderi,</span> <span class='ocrx_word' id='word_1_465' title='bbox 1831 3181 1894 3229; x_wconf 93' lang='lat' dir='ltr'>non</span> <span class='ocrx_word' id='word_1_466' title='bbox 1911 3168 1954 3242; x_wconf 90' lang='lat' dir='ltr'>ei,</span> 
     </span>
     <span class='ocr_line' id='line_1_36' title="bbox 189 3245 1956 3329; baseline 0.003 -23"><span class='ocrx_word' id='word_1_467' title='bbox 189 3251 267 3308; x_wconf 89' lang='lat' dir='ltr'>tate.</span> <span class='ocrx_word' id='word_1_468' title='bbox 284 3245 416 3312; x_wconf 91' lang='lat' dir='ltr'>Proinde</span> <span class='ocrx_word' id='word_1_469' title='bbox 442 3251 554 3314; x_wconf 85' lang='lat' dir='ltr'>desunt</span> <span class='ocrx_word' id='word_1_470' title='bbox 568 3247 630 3311; x_wconf 89' lang='lat' dir='ltr'>illis</span> <span class='ocrx_word' id='word_1_471' title='bbox 651 3249 732 3310; x_wconf 87' lang='lat' dir='ltr'>rires</span> <span class='ocrx_word' id='word_1_472' title='bbox 747 3245 888 3309; x_wconf 87' lang='lat' dir='ltr'>elliaaoes</span> <span class='ocrx_word' id='word_1_473' title='bbox 902 3247 940 3309; x_wconf 89' lang='lat' dir='ltr'>ad</span> <span class='ocrx_word' id='word_1_474' title='bbox 955 3248 1051 3310; x_wconf 87' lang='lat' dir='ltr'>eonti-</span> <span class='ocrx_word' id='word_1_475' title='bbox 1097 3261 1176 3324; x_wconf 88' lang='lat' dir='ltr'>quae</span> <span class='ocrx_word' id='word_1_476' title='bbox 1190 3248 1290 3320; x_wconf 80' lang='lat' dir='ltr'>vovit,</span> <span class='ocrx_word' id='word_1_477' title='bbox 1306 3248 1361 3311; x_wconf 92' lang='lat' dir='ltr'>sed</span> <span class='ocrx_word' id='word_1_478' title='bbox 1377 3249 1428 3321; x_wconf 91' lang='lat' dir='ltr'>oi,</span> <span class='ocrx_word' id='word_1_479' title='bbox 1445 3263 1524 3329; x_wconf 91' lang='lat' dir='ltr'>quae</span> <span class='ocrx_word' id='word_1_480' title='bbox 1538 3248 1696 3328; x_wconf 80' lang='lat' dir='ltr'>professae</span> <span class='ocrx_word' id='word_1_481' title='bbox 1720 3247 1882 3324; x_wconf 78' lang='lat' dir='ltr'>uirginitati</span> <span class='ocrx_word' id='word_1_482' title='bbox 1898 3265 1956 3329; x_wconf 93' lang='lat' dir='ltr'>pu·</span> 
     </span>
     <span class='ocr_line' id='line_1_37' title="bbox 191 3328 1957 3412; baseline 0.004 -24"><span class='ocrx_word' id='word_1_483' title='bbox 191 3328 330 3391; x_wconf 87' lang='lat' dir='ltr'>nendum</span> <span class='ocrx_word' id='word_1_484' title='bbox 346 3377 354 3406; x_wconf 96' lang='lat'>,</span> <span class='ocrx_word' id='word_1_485' title='bbox 372 3348 448 3410; x_wconf 88' lang='lat' dir='ltr'>quas</span> <span class='ocrx_word' id='word_1_486' title='bbox 462 3337 562 3395; x_wconf 90' lang='lat' dir='ltr'>tamen</span> <span class='ocrx_word' id='word_1_487' title='bbox 578 3333 660 3394; x_wconf 85' lang='lat' dir='ltr'>vires</span> <span class='ocrx_word' id='word_1_488' title='bbox 674 3376 683 3405; x_wconf 92' lang='lat'>‚</span> <span class='ocrx_word' id='word_1_489' title='bbox 696 3330 854 3401; x_wconf 77' lang='lat' dir='ltr'>stretlent</span> <span class='ocrx_word' id='word_1_490' title='bbox 867 3328 899 3392; x_wconf 93' lang='lat' dir='ltr'>in</span> <span class='ocrx_word' id='word_1_491' title='bbox 914 3333 1052 3394; x_wconf 87' lang='lat' dir='ltr'>oratione</span> <span class='ocrx_word' id='word_1_492' title='bbox 1097 3329 1196 3393; x_wconf 90' lang='lat' dir='ltr'>denda</span> <span class='ocrx_word' id='word_1_493' title='bbox 1213 3331 1311 3393; x_wconf 89' lang='lat' dir='ltr'>lutura</span> <span class='ocrx_word' id='word_1_494' title='bbox 1326 3336 1387 3412; x_wconf 88' lang='lat' dir='ltr'>est;</span> <span class='ocrx_word' id='word_1_495' title='bbox 1403 3337 1466 3394; x_wconf 89' lang='lat' dir='ltr'>tum</span> <span class='ocrx_word' id='word_1_496' title='bbox 1481 3347 1519 3394; x_wconf 81' lang='lat' dir='ltr'>ex</span> <span class='ocrx_word' id='word_1_497' title='bbox 1532 3331 1649 3395; x_wconf 87' lang='lat' dir='ltr'>eodem</span> <span class='ocrx_word' id='word_1_498' title='bbox 1659 3331 1803 3405; x_wconf 90' lang='lat' dir='ltr'>libro,ubi</span> <span class='ocrx_word' id='word_1_499' title='bbox 1819 3331 1957 3396; x_wconf 86' lang='lat' dir='ltr'>anilias</span> 
     </span>
     <span class='ocr_line' id='line_1_38' title="bbox 190 3410 1956 3494; baseline 0.003 -22"><span class='ocrx_word' id='word_1_500' title='bbox 190 3410 345 3493; x_wconf 86' lang='lat' dir='ltr'>laborare,</span> <span class='ocrx_word' id='word_1_501' title='bbox 363 3429 425 3478; x_wconf 90' lang='lat' dir='ltr'>non</span> <span class='ocrx_word' id='word_1_502' title='bbox 439 3415 601 3478; x_wconf 90' lang='lat' dir='ltr'>dillloulter</span> <span class='ocrx_word' id='word_1_503' title='bbox 616 3413 820 3492; x_wconf 83' lang='lat' dir='ltr'>acquirerent.</span> <span class='ocrx_word' id='word_1_504' title='bbox 836 3411 936 3474; x_wconf 80' lang='lat' dir='ltr'>Alium</span> <span class='ocrx_word' id='word_1_505' title='bbox 951 3414 1052 3476; x_wconf 89' lang='lat' dir='ltr'>loaum</span> <span class='ocrx_word' id='word_1_506' title='bbox 1097 3411 1253 3476; x_wconf 89' lang='lat' dir='ltr'>fusissime</span> <span class='ocrx_word' id='word_1_507' title='bbox 1278 3413 1408 3494; x_wconf 88' lang='lat' dir='ltr'>probat,</span> <span class='ocrx_word' id='word_1_508' title='bbox 1424 3429 1527 3476; x_wconf 86' lang='lat' dir='ltr'>sacras</span> <span class='ocrx_word' id='word_1_509' title='bbox 1548 3414 1682 3494; x_wconf 76' lang='lat' dir='ltr'>virgines</span> <span class='ocrx_word' id='word_1_510' title='bbox 1708 3431 1767 3476; x_wconf 92' lang='lat' dir='ltr'>non</span> <span class='ocrx_word' id='word_1_511' title='bbox 1780 3429 1874 3492; x_wconf 91' lang='lat' dir='ltr'>posse</span> <span class='ocrx_word' id='word_1_512' title='bbox 1889 3416 1956 3478; x_wconf 90' lang='lat' dir='ltr'>ullo</span> 
     </span>
     <span class='ocr_line' id='line_1_39' title="bbox 186 3491 1957 3578; baseline 0.003 -23"><span class='ocrx_word' id='word_1_513' title='bbox 186 3510 229 3555; x_wconf 84' lang='lat' dir='ltr'>ex</span> <span class='ocrx_word' id='word_1_514' title='bbox 244 3491 322 3556; x_wconf 87' lang='lat' dir='ltr'>libro</span> <span class='ocrx_word' id='word_1_515' title='bbox 338 3497 376 3558; x_wconf 92' lang='lat' dir='ltr'>de</span> <span class='ocrx_word' id='word_1_516' title='bbox 392 3498 601 3578; x_wconf 81' lang='lat' dir='ltr'>singularitate</span> <span class='ocrx_word' id='word_1_517' title='bbox 616 3495 810 3570; x_wconf 79' lang='lat' dir='ltr'>olorinorum,</span> <span class='ocrx_word' id='word_1_518' title='bbox 827 3494 858 3557; x_wconf 94' lang='lat' dir='ltr'>in</span> <span class='ocrx_word' id='word_1_519' title='bbox 875 3493 1054 3576; x_wconf 88' lang='lat' dir='ltr'>disputatio·</span> <span class='ocrx_word' id='word_1_520' title='bbox 1096 3496 1190 3558; x_wconf 88' lang='lat' dir='ltr'>modo</span> <span class='ocrx_word' id='word_1_521' title='bbox 1204 3496 1333 3559; x_wconf 88' lang='lat' dir='ltr'>nubere:</span> <span class='ocrx_word' id='word_1_522' title='bbox 1354 3495 1584 3575; x_wconf 85' lang='lat' dir='ltr'>l’irpirtitatem,</span> <span class='ocrx_word' id='word_1_523' title='bbox 1600 3495 1957 3576; x_wconf 66' lang='lat' dir='ltr'>inquitprofesaomde·</span> 
     </span>
     <span class='ocr_line' id='line_1_40' title="bbox 189 3577 1956 3658; baseline 0.003 -20"><span class='ocrx_word' id='word_1_524' title='bbox 189 3591 232 3639; x_wconf 90' lang='lat' dir='ltr'>ne</span> <span class='ocrx_word' id='word_1_525' title='bbox 252 3578 291 3638; x_wconf 91' lang='grc' dir='ltr'>ιε</span> <span class='ocrx_word' id='word_1_526' title='bbox 307 3579 459 3643; x_wconf 81' lang='lat' dir='ltr'>coelibatu</span> <span class='ocrx_word' id='word_1_527' title='bbox 476 3581 667 3643; x_wconf 85' lang='lat' dir='ltr'>sacerdotum</span> <span class='ocrx_word' id='word_1_528' title='bbox 685 3577 914 3657; x_wconf 80' lang='lat' dir='ltr'>explicavimus.</span> <span class='ocrx_word' id='word_1_529' title='bbox 1095 3579 1174 3642; x_wconf 78' lang='lat' dir='ltr'>inde</span> <span class='ocrx_word' id='word_1_530' title='bbox 1188 3595 1210 3640; x_wconf 90' lang='lat' dir='ltr'>a</span> <span class='ocrx_word' id='word_1_531' title='bbox 1223 3579 1332 3643; x_wconf 81' lang='lat' dir='ltr'>earnis</span> <span class='ocrx_word' id='word_1_532' title='bbox 1344 3578 1563 3658; x_wconf 80' lang='lat' dir='ltr'>voluptatibus</span> <span class='ocrx_word' id='word_1_533' title='bbox 1575 3580 1956 3650; x_wconf 67' lang='lat' dir='ltr'>damnataeaoortatioais</span> 
     </span>
     <span class='ocr_line' id='line_1_41' title="bbox 235 3658 1956 3742; baseline 0.003 -21"><span class='ocrx_word' id='word_1_534' title='bbox 235 3659 360 3724; x_wconf 84' lang='lat' dir='ltr'>lleoimo</span> <span class='ocrx_word' id='word_1_535' title='bbox 386 3664 472 3741; x_wconf 93' lang='lat' dir='ltr'>ponit</span> <span class='ocrx_word' id='word_1_536' title='bbox 487 3663 654 3726; x_wconf 84' lang='lat' dir='ltr'>Eusebium</span> <span class='ocrx_word' id='word_1_537' title='bbox 671 3658 900 3724; x_wconf 87' lang='lat' dir='ltr'>Caesariensem</span> <span class='ocrx_word' id='word_1_538' title='bbox 916 3705 925 3737; x_wconf 95' lang='lat'>,</span> <span class='ocrx_word' id='word_1_539' title='bbox 944 3675 981 3722; x_wconf 83' lang='lat' dir='ltr'>ex</span> <span class='ocrx_word' id='word_1_540' title='bbox 992 3677 1053 3739; x_wconf 92' lang='lat' dir='ltr'>quo</span> <span class='ocrx_word' id='word_1_541' title='bbox 1095 3666 1264 3739; x_wconf 83' lang='lat' dir='ltr'>peecatum</span> <span class='ocrx_word' id='word_1_542' title='bbox 1275 3663 1470 3742; x_wconf 72' lang='lat' dir='ltr'>armaliolum</span> <span class='ocrx_word' id='word_1_543' title='bbox 1481 3663 1615 3726; x_wconf 76' lang='lat' dir='ltr'>marine</span> <span class='ocrx_word' id='word_1_544' title='bbox 1627 3663 1735 3725; x_wconf 82' lang='lat' dir='ltr'>velare</span> <span class='ocrx_word' id='word_1_545' title='bbox 1747 3661 1870 3737; x_wconf 85' lang='lat' dir='ltr'>uoluat,</span> <span class='ocrx_word' id='word_1_546' title='bbox 1886 3679 1956 3726; x_wconf 80' lang='lat' dir='ltr'>aaa</span> 
     </span>
     <span class='ocr_line' id='line_1_42' title="bbox 191 3744 1956 3825; baseline 0.003 -22"><span class='ocrx_word' id='word_1_547' title='bbox 191 3747 291 3805; x_wconf 89' lang='lat' dir='ltr'>tamen</span> <span class='ocrx_word' id='word_1_548' title='bbox 308 3746 384 3806; x_wconf 89' lang='lat' dir='ltr'>nibil</span> <span class='ocrx_word' id='word_1_549' title='bbox 399 3746 495 3809; x_wconf 91' lang='lat' dir='ltr'>adfert</span> <span class='ocrx_word' id='word_1_550' title='bbox 510 3745 569 3808; x_wconf 91' lang='lat' dir='ltr'>nisi</span> <span class='ocrx_word' id='word_1_551' title='bbox 584 3745 792 3825; x_wconf 81' lang='lat' dir='ltr'>conjecturam</span> <span class='ocrx_word' id='word_1_552' title='bbox 803 3744 1053 3824; x_wconf 90' lang='lat' dir='ltr'>quandam,quod</span> <span class='ocrx_word' id='word_1_553' title='bbox 1095 3745 1295 3823; x_wconf 83' lang='lat' dir='ltr'>iquoroatea,</span> <span class='ocrx_word' id='word_1_554' title='bbox 1312 3747 1449 3824; x_wconf 84' lang='lat' dir='ltr'>opimor,</span> <span class='ocrx_word' id='word_1_555' title='bbox 1466 3746 1565 3808; x_wconf 85' lang='lat' dir='ltr'>aliam</span> <span class='ocrx_word' id='word_1_556' title='bbox 1577 3746 1607 3808; x_wconf 86' lang='lat' dir='ltr'>si</span> <span class='ocrx_word' id='word_1_557' title='bbox 1618 3745 1841 3822; x_wconf 79' lang='lat' dir='ltr'>iqaoraatiom</span> <span class='ocrx_word' id='word_1_558' title='bbox 1853 3747 1956 3808; x_wconf 83' lang='lat' dir='ltr'>simu·</span> 
     </span>
     <span class='ocr_line' id='line_1_43' title="bbox 192 3825 1958 3908; baseline 0.002 -23"><span class='ocrx_word' id='word_1_559' title='bbox 192 3827 384 3890; x_wconf 87' lang='lat' dir='ltr'>annseoratio</span> <span class='ocrx_word' id='word_1_560' title='bbox 409 3829 560 3908; x_wconf 78' lang='lat' dir='ltr'>virginum</span> <span class='ocrx_word' id='word_1_561' title='bbox 587 3827 735 3892; x_wconf 85' lang='lat' dir='ltr'>solemnis</span> <span class='ocrx_word' id='word_1_562' title='bbox 759 3825 896 3905; x_wconf 87' lang='lat' dir='ltr'>eoeperit</span> <span class='ocrx_word' id='word_1_563' title='bbox 917 3831 1053 3906; x_wconf 89' lang='lat' dir='ltr'>tompore</span> <span class='ocrx_word' id='word_1_564' title='bbox 1097 3826 1173 3902; x_wconf 86' lang='lat' dir='ltr'>lent,</span> <span class='ocrx_word' id='word_1_565' title='bbox 1190 3829 1379 3907; x_wconf 75' lang='lat' dir='ltr'>quodquod</span> <span class='ocrx_word' id='word_1_566' title='bbox 1391 3829 1505 3908; x_wconf 77' lang='lat' dir='ltr'>spousi</span> <span class='ocrx_word' id='word_1_567' title='bbox 1523 3829 1578 3891; x_wconf 83' lang='lat' dir='ltr'>sai</span> <span class='ocrx_word' id='word_1_568' title='bbox 1590 3829 1760 3892; x_wconf 80' lang='lat' dir='ltr'>daataram</span> <span class='ocrx_word' id='word_1_569' title='bbox 1772 3830 1958 3908; x_wconf 85' lang='lat' dir='ltr'>praeteriit.-</span> 
     </span>
     <span class='ocr_line' id='line_1_44' title="bbox 191 3905 1954 3991; baseline 0.003 -23"><span class='ocrx_word' id='word_1_570' title='bbox 191 3905 381 3972; x_wconf 74' lang='lat' dir='ltr'>Constantini</span> <span class='ocrx_word' id='word_1_571' title='bbox 398 3910 692 3991; x_wconf 88' lang='lat' dir='ltr'>imperatoris,antea</span> <span class='ocrx_word' id='word_1_572' title='bbox 707 3925 779 3973; x_wconf 84' lang='lat' dir='ltr'>tero</span> <span class='ocrx_word' id='word_1_573' title='bbox 794 3925 855 3973; x_wconf 92' lang='lat' dir='ltr'>non</span> <span class='ocrx_word' id='word_1_574' title='bbox 868 3908 1054 3972; x_wconf 81' lang='lat' dir='ltr'>ineritllon-</span> <span class='ocrx_word' id='word_1_575' title='bbox 1095 3909 1314 3990; x_wconf 64' lang='lat' dir='ltr'>aequabatur</span> <span class='ocrx_word' id='word_1_576' title='bbox 1328 3917 1373 3975; x_wconf 85' lang='lat' dir='ltr'>ast</span> <span class='ocrx_word' id='word_1_577' title='bbox 1384 3925 1621 3991; x_wconf 80' lang='lat' dir='ltr'>sponsa,quem</span> <span class='ocrx_word' id='word_1_578' title='bbox 1632 3911 1798 3989; x_wconf 83' lang='lat' dir='ltr'>illepitime</span> <span class='ocrx_word' id='word_1_579' title='bbox 1808 3911 1954 3991; x_wconf 84' lang='lat' dir='ltr'>reliquit,</span> 
     </span>
     <span class='ocr_line' id='line_1_45' title="bbox 190 3989 1957 4076; baseline 0.003 -26"><span class='ocrx_word' id='word_1_580' title='bbox 190 3989 311 4069; x_wconf 86' lang='lat' dir='ltr'>jeatura</span> <span class='ocrx_word' id='word_1_581' title='bbox 327 3993 402 4056; x_wconf 90' lang='lat' dir='ltr'>baeo</span> <span class='ocrx_word' id='word_1_582' title='bbox 417 4001 486 4070; x_wconf 92' lang='grc' dir='ltr'>εει,</span> <span class='ocrx_word' id='word_1_583' title='bbox 503 3995 583 4076; x_wconf 92' lang='lat' dir='ltr'>quod</span> <span class='ocrx_word' id='word_1_584' title='bbox 600 3994 655 4057; x_wconf 93' lang='lat' dir='ltr'>lib.</span> <span class='ocrx_word' id='word_1_585' title='bbox 671 3993 702 4054; x_wconf 82' lang='lat' dir='ltr'>l.</span> <span class='ocrx_word' id='word_1_586' title='bbox 718 3993 758 4053; x_wconf 90' lang='grc' dir='ltr'>ιε</span> <span class='ocrx_word' id='word_1_587' title='bbox 778 3995 836 4054; x_wconf 89' lang='lat' dir='ltr'>rita</span> <span class='ocrx_word' id='word_1_588' title='bbox 852 3991 1052 4069; x_wconf 83' lang='lat' dir='ltr'>Constantini,</span> <span class='ocrx_word' id='word_1_589' title='bbox 1095 3995 1324 4074; x_wconf 73' lang='lat' dir='ltr'>aequabilius,</span> <span class='ocrx_word' id='word_1_590' title='bbox 1340 3997 1396 4058; x_wconf 85' lang='lat' dir='ltr'>aui</span> <span class='ocrx_word' id='word_1_591' title='bbox 1407 3995 1549 4072; x_wconf 86' lang='lat' dir='ltr'>seipsam</span> <span class='ocrx_word' id='word_1_592' title='bbox 1564 4009 1626 4074; x_wconf 86' lang='lat' dir='ltr'>per</span> <span class='ocrx_word' id='word_1_593' title='bbox 1639 3991 1790 4073; x_wconf 75' lang='lat' dir='ltr'>affectum</span> <span class='ocrx_word' id='word_1_594' title='bbox 1801 3995 1957 4056; x_wconf 72' lang='lat' dir='ltr'>odiosum</span> 
     </span>
     <span class='ocr_line' id='line_1_46' title="bbox 194 4074 1954 4160; baseline 0.002 -26"><span class='ocrx_word' id='word_1_595' title='bbox 194 4078 392 4156; x_wconf 90' lang='lat' dir='ltr'>posteaquam</span> <span class='ocrx_word' id='word_1_596' title='bbox 408 4074 781 4148; x_wconf 76' lang='lat' dir='ltr'>narraveratcoustautini</span> <span class='ocrx_word' id='word_1_597' title='bbox 794 4076 918 4136; x_wconf 89' lang='lat' dir='ltr'>decreto</span> <span class='ocrx_word' id='word_1_598' title='bbox 930 4074 1054 4155; x_wconf 84' lang='lat' dir='ltr'>abroga·</span> <span class='ocrx_word' id='word_1_599' title='bbox 1097 4075 1382 4156; x_wconf 65' lang='lat' dir='ltr'>amnemamnem</span> <span class='ocrx_word' id='word_1_600' title='bbox 1397 4079 1480 4157; x_wconf 86' lang='lat' dir='ltr'>lepes</span> <span class='ocrx_word' id='word_1_601' title='bbox 1494 4092 1582 4139; x_wconf 70' lang='lat' dir='ltr'>aanor</span> <span class='ocrx_word' id='word_1_602' title='bbox 1594 4077 1733 4160; x_wconf 73' lang='lat' dir='ltr'>reperiri</span> <span class='ocrx_word' id='word_1_603' title='bbox 1745 4075 1896 4154; x_wconf 81' lang='lat' dir='ltr'>potestlit</span> <span class='ocrx_word' id='word_1_604' title='bbox 1909 4079 1954 4138; x_wconf 90' lang='lat' dir='ltr'>in·</span> 
     </span>
     <span class='ocr_line' id='line_1_47' title="bbox 194 4155 1956 4240; baseline 0.003 -24"><span class='ocrx_word' id='word_1_605' title='bbox 194 4164 253 4217; x_wconf 91' lang='lat' dir='ltr'>tam</span> <span class='ocrx_word' id='word_1_606' title='bbox 269 4155 364 4220; x_wconf 89' lang='lat' dir='ltr'>fuisse</span> <span class='ocrx_word' id='word_1_607' title='bbox 386 4160 485 4239; x_wconf 78' lang='lat' dir='ltr'>legem</span> <span class='ocrx_word' id='word_1_608' title='bbox 501 4168 633 4224; x_wconf 86' lang='lat' dir='ltr'>retorem</span> <span class='ocrx_word' id='word_1_609' title='bbox 648 4207 655 4234; x_wconf 94' lang='lat'>,</span> <span class='ocrx_word' id='word_1_610' title='bbox 673 4173 751 4237; x_wconf 87' lang='lat' dir='ltr'>quae</span> <span class='ocrx_word' id='word_1_611' title='bbox 766 4157 902 4236; x_wconf 86' lang='lat' dir='ltr'>privabat</span> <span class='ocrx_word' id='word_1_612' title='bbox 916 4157 1054 4219; x_wconf 88' lang='lat' dir='ltr'>fraeredi·</span> <span class='ocrx_word' id='word_1_613' title='bbox 1097 4158 1154 4220; x_wconf 89' lang='lat' dir='ltr'>fra:</span> <span class='ocrx_word' id='word_1_614' title='bbox 1170 4161 1211 4222; x_wconf 88' lang='lat' dir='ltr'>lle</span> <span class='ocrx_word' id='word_1_615' title='bbox 1224 4161 1366 4240; x_wconf 80' lang='lat' dir='ltr'>decipiat</span> <span class='ocrx_word' id='word_1_616' title='bbox 1378 4159 1622 4240; x_wconf 71' lang='lat' dir='ltr'>aetpsarnqaaod</span> <span class='ocrx_word' id='word_1_617' title='bbox 1634 4163 1803 4237; x_wconf 85' lang='lat' dir='ltr'>paeonium</span> <span class='ocrx_word' id='word_1_618' title='bbox 1815 4159 1882 4238; x_wconf 85' lang='lat' dir='ltr'>ipsi</span> <span class='ocrx_word' id='word_1_619' title='bbox 1891 4175 1956 4238; x_wconf 86' lang='lat' dir='ltr'>pro</span> 
     </span>
     <span class='ocr_line' id='line_1_48' title="bbox 193 4240 1955 4322; baseline 0.003 -23"><span class='ocrx_word' id='word_1_620' title='bbox 193 4243 253 4301; x_wconf 89' lang='lat' dir='ltr'>tate</span> <span class='ocrx_word' id='word_1_621' title='bbox 269 4243 398 4322; x_wconf 74' lang='lat' dir='ltr'>eosqui</span> <span class='ocrx_word' id='word_1_622' title='bbox 414 4243 605 4309; x_wconf 73' lang='lat' dir='ltr'>liberos&#39;non</span> <span class='ocrx_word' id='word_1_623' title='bbox 621 4241 934 4312; x_wconf 89' lang='lat' dir='ltr'>habebant,eontinuo</span> <span class='ocrx_word' id='word_1_624' title='bbox 949 4240 1054 4321; x_wconf 89' lang='lat' dir='ltr'>subje·</span> <span class='ocrx_word' id='word_1_625' title='bbox 1096 4242 1220 4321; x_wconf 82' lang='lat' dir='ltr'>nuptiis</span> <span class='ocrx_word' id='word_1_626' title='bbox 1232 4243 1447 4322; x_wconf 84' lang='lat' dir='ltr'>reputabitur.</span> <span class='ocrx_word' id='word_1_627' title='bbox 1463 4241 1500 4304; x_wconf 82' lang='lat' dir='ltr'>Et</span> <span class='ocrx_word' id='word_1_628' title='bbox 1513 4241 1602 4303; x_wconf 90' lang='lat' dir='ltr'>infra:</span> <span class='ocrx_word' id='word_1_629' title='bbox 1618 4242 1687 4304; x_wconf 85' lang='lat' dir='ltr'>lloa</span> <span class='ocrx_word' id='word_1_630' title='bbox 1700 4242 1788 4304; x_wconf 83' lang='lat' dir='ltr'>emim</span> <span class='ocrx_word' id='word_1_631' title='bbox 1798 4242 1905 4306; x_wconf 87' lang='lat' dir='ltr'>laeam</span> <span class='ocrx_word' id='word_1_632' title='bbox 1919 4259 1955 4304; x_wconf 90' lang='lat' dir='ltr'>a·</span> 
     </span>
     <span class='ocr_line' id='line_1_49' title="bbox 195 4321 1848 4405; baseline 0.001 -21"><span class='ocrx_word' id='word_1_633' title='bbox 195 4323 273 4385; x_wconf 87' lang='lat' dir='ltr'>aerit</span> <span class='ocrx_word' id='word_1_634' title='bbox 287 4323 598 4398; x_wconf 77' lang='lat' dir='ltr'>bnsebiusmulieres</span> <span class='ocrx_word' id='word_1_635' title='bbox 613 4326 843 4404; x_wconf 89' lang='lat' dir='ltr'>adperpetuam</span> <span class='ocrx_word' id='word_1_636' title='bbox 853 4321 1054 4402; x_wconf 81' lang='lat' dir='ltr'>virginitatem</span> <span class='ocrx_word' id='word_1_637' title='bbox 1094 4326 1289 4405; x_wconf 84' lang='lat' dir='ltr'>pardipaum</span> <span class='ocrx_word' id='word_1_638' title='bbox 1302 4325 1431 4390; x_wconf 84' lang='lat' dir='ltr'>babebit</span> <span class='ocrx_word' id='word_1_639' title='bbox 1442 4326 1637 4402; x_wconf 78' lang='lat' dir='ltr'>meptiarum</span> <span class='ocrx_word' id='word_1_640' title='bbox 1648 4329 1848 4402; x_wconf 73' lang='lat' dir='ltr'>praetextas.</span> 
     </span>
     <span class='ocr_line' id='line_1_50' title="bbox 194 4405 1956 4489; baseline 0.005 -23"><span class='ocrx_word' id='word_1_641' title='bbox 194 4421 231 4467; x_wconf 89' lang='grc' dir='ltr'>εε</span> <span class='ocrx_word' id='word_1_642' title='bbox 247 4405 310 4468; x_wconf 87' lang='lat' dir='ltr'>fleo</span> <span class='ocrx_word' id='word_1_643' title='bbox 326 4423 547 4482; x_wconf 84' lang='lat' dir='ltr'>eonseerasse,</span> <span class='ocrx_word' id='word_1_644' title='bbox 565 4422 686 4470; x_wconf 90' lang='lat' dir='ltr'>neenon</span> <span class='ocrx_word' id='word_1_645' title='bbox 712 4407 749 4469; x_wconf 92' lang='lat' dir='ltr'>ad</span> <span class='ocrx_word' id='word_1_646' title='bbox 764 4407 969 4468; x_wconf 86' lang='lat' dir='ltr'>saaerdotium</span> <span class='ocrx_word' id='word_1_647' title='bbox 984 4405 1053 4470; x_wconf 88' lang='lat' dir='ltr'>Dei.</span> <span class='ocrx_word' id='word_1_648' title='bbox 1139 4409 1192 4480; x_wconf 83' lang='lat' dir='ltr'>tt,</span> <span class='ocrx_word' id='word_1_649' title='bbox 1208 4409 1307 4488; x_wconf 93' lang='lat' dir='ltr'>inquit</span> <span class='ocrx_word' id='word_1_650' title='bbox 1320 4409 1430 4489; x_wconf 78' lang='lat' dir='ltr'>blnrtpr</span> <span class='ocrx_word' id='word_1_651' title='bbox 1443 4454 1452 4482; x_wconf 93' lang='lat'>,</span> <span class='ocrx_word' id='word_1_652' title='bbox 1467 4407 1609 4470; x_wconf 82' lang='lat' dir='ltr'>Basilius</span> <span class='ocrx_word' id='word_1_653' title='bbox 1624 4421 1699 4468; x_wconf 85' lang='lat' dir='ltr'>eum</span> <span class='ocrx_word' id='word_1_654' title='bbox 1713 4405 1792 4468; x_wconf 84' lang='lat' dir='ltr'>boae</span> <span class='ocrx_word' id='word_1_655' title='bbox 1805 4407 1956 4484; x_wconf 78' lang='lat' dir='ltr'>scripsit.</span> 
     </span>
     <span class='ocr_line' id='line_1_51' title="bbox 195 4487 1960 4570; baseline 0.003 -23"><span class='ocrx_word' id='word_1_656' title='bbox 195 4490 231 4548; x_wconf 80' lang='lat' dir='ltr'>tlt</span> <span class='ocrx_word' id='word_1_657' title='bbox 245 4487 321 4550; x_wconf 84' lang='lat' dir='ltr'>baeu</span> <span class='ocrx_word' id='word_1_658' title='bbox 336 4489 510 4570; x_wconf 86' lang='lat' dir='ltr'>eonjeotura</span> <span class='ocrx_word' id='word_1_659' title='bbox 527 4489 631 4554; x_wconf 92' lang='lat' dir='ltr'>nititur</span> <span class='ocrx_word' id='word_1_660' title='bbox 643 4489 802 4552; x_wconf 82' lang='lat' dir='ltr'>manifesto</span> <span class='ocrx_word' id='word_1_661' title='bbox 813 4487 1054 4552; x_wconf 81' lang='lat' dir='ltr'>mendaeiodlon</span> <span class='ocrx_word' id='word_1_662' title='bbox 1100 4490 1216 4554; x_wconf 81' lang='lat' dir='ltr'>oblitas</span> <span class='ocrx_word' id='word_1_663' title='bbox 1230 4497 1299 4554; x_wconf 88' lang='lat' dir='ltr'>erat</span> <span class='ocrx_word' id='word_1_664' title='bbox 1310 4492 1438 4555; x_wconf 71' lang='lat' dir='ltr'>sedsed</span> <span class='ocrx_word' id='word_1_665' title='bbox 1453 4489 1522 4569; x_wconf 89' lang='lat' dir='ltr'>quis</span> <span class='ocrx_word' id='word_1_666' title='bbox 1533 4487 1637 4552; x_wconf 84' lang='lat' dir='ltr'>eredat</span> <span class='ocrx_word' id='word_1_667' title='bbox 1648 4489 1744 4551; x_wconf 85' lang='lat' dir='ltr'>rtrum</span> <span class='ocrx_word' id='word_1_668' title='bbox 1756 4497 1816 4550; x_wconf 83' lang='lat' dir='ltr'>tam</span> <span class='ocrx_word' id='word_1_669' title='bbox 1826 4489 1960 4552; x_wconf 90' lang='lat' dir='ltr'>admira·</span> 
     </span>
     <span class='ocr_line' id='line_1_52' title="bbox 195 4568 1956 4654; baseline 0.002 -22"><span class='ocrx_word' id='word_1_670' title='bbox 195 4568 277 4632; x_wconf 90' lang='lat' dir='ltr'>enim</span> <span class='ocrx_word' id='word_1_671' title='bbox 293 4569 446 4634; x_wconf 75' lang='lat' dir='ltr'>Eusebius</span> <span class='ocrx_word' id='word_1_672' title='bbox 460 4573 592 4652; x_wconf 81' lang='lat' dir='ltr'>subjecit</span> <span class='ocrx_word' id='word_1_673' title='bbox 606 4574 645 4634; x_wconf 91' lang='lat' dir='ltr'>de</span> <span class='ocrx_word' id='word_1_674' title='bbox 659 4572 810 4650; x_wconf 79' lang='lat' dir='ltr'>virginum</span> <span class='ocrx_word' id='word_1_675' title='bbox 821 4573 1054 4638; x_wconf 86' lang='lat' dir='ltr'>eonseoratione</span> <span class='ocrx_word' id='word_1_676' title='bbox 1097 4573 1205 4643; x_wconf 82' lang='lat' dir='ltr'>bilem,</span> <span class='ocrx_word' id='word_1_677' title='bbox 1221 4575 1273 4654; x_wconf 92' lang='lat' dir='ltr'>qui</span> <span class='ocrx_word' id='word_1_678' title='bbox 1289 4573 1328 4638; x_wconf 92' lang='lat' dir='ltr'>ab</span> <span class='ocrx_word' id='word_1_679' title='bbox 1342 4573 1514 4638; x_wconf 87' lang='lat' dir='ltr'>eruditione</span> <span class='ocrx_word' id='word_1_680' title='bbox 1529 4571 1629 4651; x_wconf 78' lang='lat' dir='ltr'>magni</span> <span class='ocrx_word' id='word_1_681' title='bbox 1646 4587 1758 4634; x_wconf 90' lang='lat' dir='ltr'>nomen</span> <span class='ocrx_word' id='word_1_682' title='bbox 1773 4571 1904 4647; x_wconf 86' lang='lat' dir='ltr'>inreait,</span> <span class='ocrx_word' id='word_1_683' title='bbox 1922 4574 1956 4635; x_wconf 92' lang='lat' dir='ltr'>in</span> 
     </span>
     <span class='ocr_line' id='line_1_53' title="bbox 195 4653 1955 4736; baseline 0.002 -22"><span class='ocrx_word' id='word_1_684' title='bbox 195 4658 265 4730; x_wconf 93' lang='lat' dir='ltr'>post</span> <span class='ocrx_word' id='word_1_685' title='bbox 280 4655 483 4716; x_wconf 87' lang='lat' dir='ltr'>narrationem</span> <span class='ocrx_word' id='word_1_686' title='bbox 498 4657 537 4718; x_wconf 92' lang='lat' dir='ltr'>de</span> <span class='ocrx_word' id='word_1_687' title='bbox 552 4653 695 4734; x_wconf 74' lang='lat' dir='ltr'>abrogata</span> <span class='ocrx_word' id='word_1_688' title='bbox 710 4655 778 4733; x_wconf 79' lang='lat' dir='ltr'>lego</span> <span class='ocrx_word' id='word_1_689' title='bbox 793 4699 801 4718; x_wconf 88' lang='lat'><strong>.</strong></span> <span class='ocrx_word' id='word_1_690' title='bbox 818 4655 873 4716; x_wconf 90' lang='grc' dir='ltr'>εει</span> <span class='ocrx_word' id='word_1_691' title='bbox 889 4655 1055 4734; x_wconf 91' lang='lat' dir='ltr'>praemittit</span> <span class='ocrx_word' id='word_1_692' title='bbox 1098 4656 1209 4732; x_wconf 89' lang='lat' dir='ltr'>eodem</span> <span class='ocrx_word' id='word_1_693' title='bbox 1234 4657 1313 4720; x_wconf 93' lang='lat' dir='ltr'>libro</span> <span class='ocrx_word' id='word_1_694' title='bbox 1327 4663 1388 4719; x_wconf 92' lang='lat' dir='ltr'>lam</span> <span class='ocrx_word' id='word_1_695' title='bbox 1402 4661 1507 4736; x_wconf 93' lang='lat' dir='ltr'>aperte</span> <span class='ocrx_word' id='word_1_696' title='bbox 1531 4668 1639 4718; x_wconf 87' lang='lat' dir='ltr'>seeum</span> <span class='ocrx_word' id='word_1_697' title='bbox 1653 4669 1810 4733; x_wconf 76' lang='lat' dir='ltr'>pugnare,</span> <span class='ocrx_word' id='word_1_698' title='bbox 1828 4669 1886 4717; x_wconf 90' lang='lat' dir='ltr'>nee</span> <span class='ocrx_word' id='word_1_699' title='bbox 1899 4672 1955 4732; x_wconf 89' lang='lat' dir='ltr'>po·</span> 
     </span>
     <span class='ocr_line' id='line_1_54' title="bbox 193 4735 1958 4820; baseline 0.003 -25"><span class='ocrx_word' id='word_1_700' title='bbox 193 4741 345 4814; x_wconf 91' lang='lat' dir='ltr'>tamquam</span> <span class='ocrx_word' id='word_1_701' title='bbox 360 4735 507 4799; x_wconf 90' lang='lat' dir='ltr'>rationem</span> <span class='ocrx_word' id='word_1_702' title='bbox 523 4738 601 4817; x_wconf 78' lang='lat' dir='ltr'>legis</span> <span class='ocrx_word' id='word_1_703' title='bbox 612 4735 1053 4816; x_wconf 66' lang='lat' dir='ltr'>abrogataebiaitentmdon-</span> <span class='ocrx_word' id='word_1_704' title='bbox 1098 4739 1195 4801; x_wconf 91' lang='lat' dir='ltr'>tuisse</span> <span class='ocrx_word' id='word_1_705' title='bbox 1221 4743 1282 4802; x_wconf 88' lang='lat' dir='ltr'>tros</span> <span class='ocrx_word' id='word_1_706' title='bbox 1306 4742 1433 4820; x_wconf 77' lang='lat' dir='ltr'>paginas</span> <span class='ocrx_word' id='word_1_707' title='bbox 1446 4738 1616 4809; x_wconf 84' lang='lat' dir='ltr'>seribere,</span> <span class='ocrx_word' id='word_1_708' title='bbox 1633 4737 1707 4816; x_wconf 90' lang='lat' dir='ltr'>quin</span> <span class='ocrx_word' id='word_1_709' title='bbox 1723 4737 1958 4800; x_wconf 80' lang='lat' dir='ltr'>oblivisceretur</span> 
     </span>
     <span class='ocr_line' id='line_1_55' title="bbox 192 4819 1956 4902; baseline 0.001 -22"><span class='ocrx_word' id='word_1_710' title='bbox 192 4819 358 4881; x_wconf 91' lang='lat' dir='ltr'>stantinum</span> <span class='ocrx_word' id='word_1_711' title='bbox 381 4819 481 4899; x_wconf 81' lang='lat' dir='ltr'>legem</span> <span class='ocrx_word' id='word_1_712' title='bbox 496 4820 579 4882; x_wconf 91' lang='lat' dir='ltr'>illam</span> <span class='ocrx_word' id='word_1_713' title='bbox 594 4821 780 4900; x_wconf 73' lang='lat' dir='ltr'>abrogasse,</span> <span class='ocrx_word' id='word_1_714' title='bbox 797 4821 866 4900; x_wconf 93' lang='lat' dir='ltr'>quia</span> <span class='ocrx_word' id='word_1_715' title='bbox 883 4819 969 4881; x_wconf 90' lang='lat' dir='ltr'>multi</span> <span class='ocrx_word' id='word_1_716' title='bbox 984 4819 1051 4894; x_wconf 89' lang='lat' dir='ltr'>viri,</span> <span class='ocrx_word' id='word_1_717' title='bbox 1098 4820 1275 4885; x_wconf 86' lang='lat' dir='ltr'>sntlomltto</span> <span class='ocrx_word' id='word_1_718' title='bbox 1290 4839 1369 4902; x_wconf 90' lang='lat' dir='ltr'>quae</span> <span class='ocrx_word' id='word_1_719' title='bbox 1386 4823 1499 4884; x_wconf 88' lang='lat' dir='ltr'>deinde</span> <span class='ocrx_word' id='word_1_720' title='bbox 1510 4820 1614 4883; x_wconf 83' lang='lat' dir='ltr'>attexit</span> <span class='ocrx_word' id='word_1_721' title='bbox 1624 4819 1734 4899; x_wconf 76' lang='lat' dir='ltr'>blartpr</span> <span class='ocrx_word' id='word_1_722' title='bbox 1744 4820 1775 4881; x_wconf 93' lang='lat' dir='ltr'>in</span> <span class='ocrx_word' id='word_1_723' title='bbox 1787 4821 1956 4899; x_wconf 90' lang='lat' dir='ltr'>repreben-</span> 
     </span>
     <span class='ocr_line' id='line_1_56' title="bbox 193 4901 1957 4982; baseline 0.002 -21"><span class='ocrx_word' id='word_1_724' title='bbox 193 4901 368 4982; x_wconf 90' lang='lat' dir='ltr'>multaeque</span> <span class='ocrx_word' id='word_1_725' title='bbox 382 4901 533 4966; x_wconf 89' lang='lat' dir='ltr'>foeminae</span> <span class='ocrx_word' id='word_1_726' title='bbox 547 4903 654 4966; x_wconf 90' lang='lat' dir='ltr'>liberis</span> <span class='ocrx_word' id='word_1_727' title='bbox 669 4903 887 4974; x_wconf 77' lang='lat' dir='ltr'>carebantnon</span> <span class='ocrx_word' id='word_1_728' title='bbox 904 4902 944 4964; x_wconf 94' lang='lat' dir='ltr'>ob</span> <span class='ocrx_word' id='word_1_729' title='bbox 955 4902 1052 4980; x_wconf 92' lang='lat' dir='ltr'>impo·</span> <span class='ocrx_word' id='word_1_730' title='bbox 1098 4903 1217 4966; x_wconf 88' lang='lat' dir='ltr'>sionem</span> <span class='ocrx_word' id='word_1_731' title='bbox 1231 4905 1377 4968; x_wconf 78' lang='lat' dir='ltr'>sliasilii:</span> <span class='ocrx_word' id='word_1_732' title='bbox 1393 4921 1454 4967; x_wconf 92' lang='lat' dir='ltr'>non</span> <span class='ocrx_word' id='word_1_733' title='bbox 1471 4905 1552 4966; x_wconf 89' lang='lat' dir='ltr'>anim</span> <span class='ocrx_word' id='word_1_734' title='bbox 1568 4903 1619 4965; x_wconf 89' lang='lat' dir='ltr'>bie</span> <span class='ocrx_word' id='word_1_735' title='bbox 1630 4901 1857 4981; x_wconf 75' lang='lat' dir='ltr'>quaerimusnn</span> <span class='ocrx_word' id='word_1_736' title='bbox 1870 4911 1957 4966; x_wconf 87' lang='lat' dir='ltr'>reate</span> 
     </span>
     <span class='ocr_line' id='line_1_57' title="bbox 193 4983 1957 5066; baseline 0.003 -24"><span class='ocrx_word' id='word_1_737' title='bbox 193 4983 316 5044; x_wconf 86' lang='lat' dir='ltr'>tentiam</span> <span class='ocrx_word' id='word_1_738' title='bbox 342 4987 510 5065; x_wconf 75' lang='lat' dir='ltr'>generandi</span> <span class='ocrx_word' id='word_1_739' title='bbox 526 5033 534 5061; x_wconf 96' lang='lat'>,</span> <span class='ocrx_word' id='word_1_740' title='bbox 550 4987 605 5048; x_wconf 92' lang='grc' dir='ltr'>εει</span> <span class='ocrx_word' id='word_1_741' title='bbox 621 4985 691 5066; x_wconf 90' lang='lat' dir='ltr'>quia</span> <span class='ocrx_word' id='word_1_742' title='bbox 717 4985 756 5048; x_wconf 95' lang='lat' dir='ltr'>ob</span> <span class='ocrx_word' id='word_1_743' title='bbox 772 4987 954 5048; x_wconf 89' lang='lat' dir='ltr'>immensum</span> <span class='ocrx_word' id='word_1_744' title='bbox 970 5001 1051 5046; x_wconf 94' lang='lat' dir='ltr'>amo·</span> <span class='ocrx_word' id='word_1_745' title='bbox 1098 4988 1227 5061; x_wconf 82' lang='lat' dir='ltr'>dixerit,</span> <span class='ocrx_word' id='word_1_746' title='bbox 1244 4988 1299 5050; x_wconf 92' lang='lat' dir='ltr'>sed</span> <span class='ocrx_word' id='word_1_747' title='bbox 1316 5005 1352 5049; x_wconf 93' lang='lat' dir='ltr'>an</span> <span class='ocrx_word' id='word_1_748' title='bbox 1369 4987 1478 5050; x_wconf 83' lang='lat' dir='ltr'>dixerit</span> <span class='ocrx_word' id='word_1_749' title='bbox 1493 4987 1522 5048; x_wconf 92' lang='lat' dir='ltr'>id</span> <span class='ocrx_word' id='word_1_750' title='bbox 1538 5031 1546 5056; x_wconf 90' lang='lat'>,</span> <span class='ocrx_word' id='word_1_751' title='bbox 1562 4987 1601 5048; x_wconf 89' lang='lat' dir='ltr'>da</span> <span class='ocrx_word' id='word_1_752' title='bbox 1621 5001 1682 5064; x_wconf 91' lang='lat' dir='ltr'>qao</span> <span class='ocrx_word' id='word_1_753' title='bbox 1697 4984 1828 5062; x_wconf 84' lang='lat' dir='ltr'>agimus.</span> <span class='ocrx_word' id='word_1_754' title='bbox 1844 4986 1957 5062; x_wconf 86' lang='lat' dir='ltr'>Quam·</span> 
     </span>
     <span class='ocr_line' id='line_1_58' title="bbox 191 5066 1958 5149; baseline 0.002 -24"><span class='ocrx_word' id='word_1_755' title='bbox 191 5079 255 5127; x_wconf 93' lang='lat' dir='ltr'>rem</span> <span class='ocrx_word' id='word_1_756' title='bbox 272 5068 416 5142; x_wconf 90' lang='lat' dir='ltr'>numinis,</span> <span class='ocrx_word' id='word_1_757' title='bbox 427 5077 609 5149; x_wconf 87' lang='lat' dir='ltr'>perpetuum</span> <span class='ocrx_word' id='word_1_758' title='bbox 624 5068 806 5132; x_wconf 82' lang='lat' dir='ltr'>coelibatum</span> <span class='ocrx_word' id='word_1_759' title='bbox 820 5066 1049 5147; x_wconf 85' lang='lat' dir='ltr'>profitebantur.</span> <span class='ocrx_word' id='word_1_760' title='bbox 1098 5085 1190 5145; x_wconf 91' lang='lat' dir='ltr'>quam</span> <span class='ocrx_word' id='word_1_761' title='bbox 1204 5071 1295 5134; x_wconf 90' lang='lat' dir='ltr'>etiam</span> <span class='ocrx_word' id='word_1_762' title='bbox 1310 5071 1347 5132; x_wconf 91' lang='lat' dir='ltr'>ad</span> <span class='ocrx_word' id='word_1_763' title='bbox 1363 5068 1576 5132; x_wconf 88' lang='lat' dir='ltr'>refutationem</span> <span class='ocrx_word' id='word_1_764' title='bbox 1591 5069 1823 5134; x_wconf 79' lang='lat' dir='ltr'>calumniarum.</span> <span class='ocrx_word' id='word_1_765' title='bbox 1841 5078 1870 5130; x_wconf 90' lang='lat' dir='ltr'>et</span> <span class='ocrx_word' id='word_1_766' title='bbox 1885 5072 1958 5130; x_wconf 90' lang='lat' dir='ltr'>rati·</span> 
     </span>
     <span class='ocr_line' id='line_1_59' title="bbox 232 5145 1956 5232; baseline 0.005 -25"><span class='ocrx_word' id='word_1_767' title='bbox 232 5145 398 5212; x_wconf 86' lang='lat' dir='ltr'>Undeoimo</span> <span class='ocrx_word' id='word_1_768' title='bbox 414 5152 481 5214; x_wconf 91' lang='lat' dir='ltr'>looo</span> <span class='ocrx_word' id='word_1_769' title='bbox 497 5151 693 5215; x_wconf 80' lang='lat' dir='ltr'>Athanasium</span> <span class='ocrx_word' id='word_1_770' title='bbox 710 5152 816 5230; x_wconf 89' lang='lat' dir='ltr'>ponit,</span> <span class='ocrx_word' id='word_1_771' title='bbox 833 5151 888 5212; x_wconf 90' lang='lat' dir='ltr'>sed</span> <span class='ocrx_word' id='word_1_772' title='bbox 904 5165 944 5213; x_wconf 88' lang='lat' dir='ltr'>ne</span> <span class='ocrx_word' id='word_1_773' title='bbox 959 5151 1049 5230; x_wconf 75' lang='lat' dir='ltr'>sylle-</span> <span class='ocrx_word' id='word_1_774' title='bbox 1094 5154 1275 5216; x_wconf 88' lang='lat' dir='ltr'>uuaularum</span> <span class='ocrx_word' id='word_1_775' title='bbox 1300 5153 1436 5232; x_wconf 76' lang='lat' dir='ltr'>lfartpris</span> <span class='ocrx_word' id='word_1_776' title='bbox 1451 5197 1460 5226; x_wconf 93' lang='lat'>,</span> <span class='ocrx_word' id='word_1_777' title='bbox 1476 5153 1550 5216; x_wconf 87' lang='lat' dir='ltr'>satis</span> <span class='ocrx_word' id='word_1_778' title='bbox 1575 5156 1622 5214; x_wconf 90' lang='lat' dir='ltr'>est</span> <span class='ocrx_word' id='word_1_779' title='bbox 1637 5149 1716 5213; x_wconf 88' lang='lat' dir='ltr'>seire</span> <span class='ocrx_word' id='word_1_780' title='bbox 1731 5197 1739 5227; x_wconf 91' lang='lat'>,</span> <span class='ocrx_word' id='word_1_781' title='bbox 1756 5152 1841 5214; x_wconf 87' lang='lat' dir='ltr'>illum</span> <span class='ocrx_word' id='word_1_782' title='bbox 1858 5151 1956 5215; x_wconf 87' lang='lat' dir='ltr'>fuisse</span> 
     </span>
     <span class='ocr_line' id='line_1_60' title="bbox 190 5227 1956 5316; baseline 0.006 -28"><span class='ocrx_word' id='word_1_783' title='bbox 190 5227 261 5290; x_wconf 91' lang='lat' dir='ltr'>barn</span> <span class='ocrx_word' id='word_1_784' title='bbox 277 5230 401 5309; x_wconf 90' lang='lat' dir='ltr'>quidem</span> <span class='ocrx_word' id='word_1_785' title='bbox 427 5251 517 5296; x_wconf 91' lang='lat' dir='ltr'>unam</span> <span class='ocrx_word' id='word_1_786' title='bbox 534 5251 588 5313; x_wconf 92' lang='lat' dir='ltr'>pro</span> <span class='ocrx_word' id='word_1_787' title='bbox 603 5251 638 5298; x_wconf 88' lang='lat' dir='ltr'>se</span> <span class='ocrx_word' id='word_1_788' title='bbox 652 5235 789 5297; x_wconf 77' lang='lat' dir='ltr'>invenire</span> <span class='ocrx_word' id='word_1_789' title='bbox 803 5234 913 5313; x_wconf 92' lang='lat' dir='ltr'>potuit.</span> <span class='ocrx_word' id='word_1_790' title='bbox 929 5233 1046 5296; x_wconf 90' lang='lat' dir='ltr'>ldairoo</span> <span class='ocrx_word' id='word_1_791' title='bbox 1095 5250 1166 5299; x_wconf 89' lang='lat' dir='ltr'>vere</span> <span class='ocrx_word' id='word_1_792' title='bbox 1180 5251 1322 5316; x_wconf 78' lang='lat' dir='ltr'>magnum</span> <span class='ocrx_word' id='word_1_793' title='bbox 1344 5235 1490 5298; x_wconf 87' lang='lat' dir='ltr'>Basiliam</span> <span class='ocrx_word' id='word_1_794' title='bbox 1505 5283 1513 5308; x_wconf 93' lang='lat'>,</span> <span class='ocrx_word' id='word_1_795' title='bbox 1530 5235 1621 5297; x_wconf 90' lang='lat' dir='ltr'>istum</span> <span class='ocrx_word' id='word_1_796' title='bbox 1647 5248 1717 5296; x_wconf 87' lang='lat' dir='ltr'>esse</span> <span class='ocrx_word' id='word_1_797' title='bbox 1743 5233 1862 5296; x_wconf 88' lang='lat' dir='ltr'>Petrum</span> <span class='ocrx_word' id='word_1_798' title='bbox 1879 5235 1956 5298; x_wconf 89' lang='lat' dir='ltr'>falso</span> 
     </span>
     <span class='ocr_line' id='line_1_61' title="bbox 190 5311 1955 5398; baseline 0.005 -27"><span class='ocrx_word' id='word_1_799' title='bbox 190 5311 291 5372; x_wconf 87' lang='lat' dir='ltr'>solum</span> <span class='ocrx_word' id='word_1_800' title='bbox 306 5315 404 5375; x_wconf 89' lang='lat' dir='ltr'>attulit</span> <span class='ocrx_word' id='word_1_801' title='bbox 417 5316 483 5378; x_wconf 87' lang='lat' dir='ltr'>lona</span> <span class='ocrx_word' id='word_1_802' title='bbox 501 5318 648 5394; x_wconf 89' lang='lat' dir='ltr'>quaedam</span> <span class='ocrx_word' id='word_1_803' title='bbox 664 5323 766 5380; x_wconf 88' lang='lat' dir='ltr'>eontra</span> <span class='ocrx_word' id='word_1_804' title='bbox 782 5323 863 5391; x_wconf 91' lang='lat' dir='ltr'>se,et</span> <span class='ocrx_word' id='word_1_805' title='bbox 875 5317 1044 5394; x_wconf 91' lang='lat' dir='ltr'>respoudit,</span> <span class='ocrx_word' id='word_1_806' title='bbox 1094 5317 1254 5398; x_wconf 75' lang='lat' dir='ltr'>blartprern</span> <span class='ocrx_word' id='word_1_807' title='bbox 1269 5319 1466 5398; x_wconf 89' lang='lat' dir='ltr'>appellatum.</span> <span class='ocrx_word' id='word_1_808' title='bbox 1477 5318 1580 5381; x_wconf 84' lang='lat' dir='ltr'>hdlert</span> <span class='ocrx_word' id='word_1_809' title='bbox 1596 5316 1678 5378; x_wconf 90' lang='lat' dir='ltr'>aliud</span> <span class='ocrx_word' id='word_1_810' title='bbox 1695 5316 1904 5380; x_wconf 87' lang='lat' dir='ltr'>testimonium</span> <span class='ocrx_word' id='word_1_811' title='bbox 1917 5336 1955 5380; x_wconf 85' lang='lat' dir='ltr'>ex</span> 
     </span>
     <span class='ocr_line' id='line_1_62' title="bbox 191 5399 1954 5482; baseline 0.004 -28"><span class='ocrx_word' id='word_1_812' title='bbox 191 5407 252 5455; x_wconf 92' lang='lat' dir='ltr'>non</span> <span class='ocrx_word' id='word_1_813' title='bbox 269 5409 339 5458; x_wconf 90' lang='lat' dir='ltr'>esse</span> <span class='ocrx_word' id='word_1_814' title='bbox 354 5399 551 5462; x_wconf 72' lang='lat' dir='ltr'>Athanasium</span> <span class='ocrx_word' id='word_1_815' title='bbox 562 5401 824 5472; x_wconf 88' lang='lat' dir='ltr'>audiendum,non</span> <span class='ocrx_word' id='word_1_816' title='bbox 835 5414 905 5462; x_wconf 87' lang='lat' dir='ltr'>essa</span> <span class='ocrx_word' id='word_1_817' title='bbox 918 5399 1048 5462; x_wconf 91' lang='lat' dir='ltr'>toleran·</span> <span class='ocrx_word' id='word_1_818' title='bbox 1094 5406 1212 5480; x_wconf 89' lang='lat' dir='ltr'>quaest.</span> <span class='ocrx_word' id='word_1_819' title='bbox 1231 5401 1280 5464; x_wconf 74' lang='lat' dir='ltr'>ta.</span> <span class='ocrx_word' id='word_1_820' title='bbox 1294 5401 1361 5464; x_wconf 89' lang='lat' dir='ltr'>fuso</span> <span class='ocrx_word' id='word_1_821' title='bbox 1387 5402 1532 5482; x_wconf 80' lang='lat' dir='ltr'>explicata</span> <span class='ocrx_word' id='word_1_822' title='bbox 1547 5447 1554 5476; x_wconf 96' lang='lat'>,</span> <span class='ocrx_word' id='word_1_823' title='bbox 1572 5401 1627 5462; x_wconf 91' lang='lat' dir='ltr'>sed</span> <span class='ocrx_word' id='word_1_824' title='bbox 1649 5399 1765 5460; x_wconf 91' lang='lat' dir='ltr'>adrem</span> <span class='ocrx_word' id='word_1_825' title='bbox 1783 5415 1843 5460; x_wconf 93' lang='lat' dir='ltr'>non</span> <span class='ocrx_word' id='word_1_826' title='bbox 1860 5405 1954 5478; x_wconf 90' lang='lat' dir='ltr'>perli-</span> 
     </span>
     <span class='ocr_line' id='line_1_63' title="bbox 190 5477 1952 5564; baseline 0.005 -27"><span class='ocrx_word' id='word_1_827' title='bbox 190 5477 263 5538; x_wconf 88' lang='lat' dir='ltr'>dum</span> <span class='ocrx_word' id='word_1_828' title='bbox 278 5523 286 5551; x_wconf 94' lang='lat'>,</span> <span class='ocrx_word' id='word_1_829' title='bbox 302 5477 393 5542; x_wconf 91' lang='lat' dir='ltr'>nimis</span> <span class='ocrx_word' id='word_1_830' title='bbox 408 5483 535 5546; x_wconf 91' lang='lat' dir='ltr'>multum</span> <span class='ocrx_word' id='word_1_831' title='bbox 560 5483 620 5550; x_wconf 88' lang='lat' dir='ltr'>sibl</span> <span class='ocrx_word' id='word_1_832' title='bbox 635 5485 806 5563; x_wconf 90' lang='lat' dir='ltr'>sumpsisse</span> <span class='ocrx_word' id='word_1_833' title='bbox 821 5483 904 5546; x_wconf 88' lang='lat' dir='ltr'>buno</span> <span class='ocrx_word' id='word_1_834' title='bbox 917 5487 1047 5562; x_wconf 89' lang='lat' dir='ltr'>patrem.</span> <span class='ocrx_word' id='word_1_835' title='bbox 1094 5492 1168 5560; x_wconf 90' lang='lat' dir='ltr'>net,</span> <span class='ocrx_word' id='word_1_836' title='bbox 1184 5491 1244 5548; x_wconf 89' lang='lat' dir='ltr'>eta</span> <span class='ocrx_word' id='word_1_837' title='bbox 1261 5485 1351 5548; x_wconf 92' lang='lat' dir='ltr'>nobis</span> <span class='ocrx_word' id='word_1_838' title='bbox 1375 5486 1466 5564; x_wconf 89' lang='lat' dir='ltr'>paulo</span> <span class='ocrx_word' id='word_1_839' title='bbox 1480 5483 1557 5547; x_wconf 90' lang='lat' dir='ltr'>infra</span> <span class='ocrx_word' id='word_1_840' title='bbox 1574 5482 1753 5544; x_wconf 88' lang='lat' dir='ltr'>refutabitur</span> <span class='ocrx_word' id='word_1_841' title='bbox 1768 5483 1799 5543; x_wconf 93' lang='lat' dir='ltr'>ln</span> <span class='ocrx_word' id='word_1_842' title='bbox 1814 5481 1952 5560; x_wconf 82' lang='lat' dir='ltr'>disputa·</span> 
     </span>
     <span class='ocr_line' id='line_1_64' title="bbox 190 5557 1901 5647; baseline 0.004 -26"><span class='ocrx_word' id='word_1_843' title='bbox 190 5557 416 5628; x_wconf 81' lang='lat' dir='ltr'>centuriatoias</span> <span class='ocrx_word' id='word_1_844' title='bbox 431 5571 512 5631; x_wconf 85' lang='lat' dir='ltr'>oeni.</span> <span class='ocrx_word' id='word_1_845' title='bbox 528 5567 559 5630; x_wconf 82' lang='lat' dir='ltr'>l.</span> <span class='ocrx_word' id='word_1_846' title='bbox 576 5585 643 5647; x_wconf 82' lang='lat' dir='ltr'>rap.</span> <span class='ocrx_word' id='word_1_847' title='bbox 660 5567 690 5628; x_wconf 81' lang='lat' dir='ltr'>l.</span> <span class='ocrx_word' id='word_1_848' title='bbox 707 5567 766 5628; x_wconf 90' lang='lat' dir='ltr'>eol.</span> <span class='ocrx_word' id='word_1_849' title='bbox 782 5565 854 5628; x_wconf 76' lang='lat' dir='ltr'>tot.</span> <span class='ocrx_word' id='word_1_850' title='bbox 868 5573 898 5628; x_wconf 86' lang='lat' dir='ltr'>et</span> <span class='ocrx_word' id='word_1_851' title='bbox 913 5583 941 5627; x_wconf 88' lang='lat' dir='ltr'>e.</span> <span class='ocrx_word' id='word_1_852' title='bbox 951 5565 1046 5627; x_wconf 76' lang='lat' dir='ltr'>timul.</span> <span class='ocrx_word' id='word_1_853' title='bbox 1095 5568 1177 5630; x_wconf 90' lang='lat' dir='ltr'>tione</span> <span class='ocrx_word' id='word_1_854' title='bbox 1192 5567 1232 5630; x_wconf 91' lang='grc' dir='ltr'>ιε</span> <span class='ocrx_word' id='word_1_855' title='bbox 1246 5569 1323 5630; x_wconf 86' lang='lat' dir='ltr'>rotis</span> <span class='ocrx_word' id='word_1_856' title='bbox 1338 5567 1469 5630; x_wconf 89' lang='lat' dir='ltr'>liliorum</span> <span class='ocrx_word' id='word_1_857' title='bbox 1485 5566 1588 5628; x_wconf 89' lang='lat' dir='ltr'>inritis</span> <span class='ocrx_word' id='word_1_858' title='bbox 1602 5564 1782 5643; x_wconf 86' lang='lat' dir='ltr'>parantibus</span> <span class='ocrx_word' id='word_1_859' title='bbox 1794 5565 1901 5628; x_wconf 84' lang='lat' dir='ltr'>editis.</span> 
     </span>
     <span class='ocr_line' id='line_1_65' title="bbox 190 5641 1952 5731; baseline 0.002 -23"><span class='ocrx_word' id='word_1_860' title='bbox 190 5641 261 5708; x_wconf 80' lang='lat' dir='ltr'>lbi.</span> <span class='ocrx_word' id='word_1_861' title='bbox 278 5651 309 5710; x_wconf 87' lang='lat' dir='ltr'>ot</span> <span class='ocrx_word' id='word_1_862' title='bbox 323 5661 392 5728; x_wconf 86' lang='lat' dir='ltr'>eap.</span> <span class='ocrx_word' id='word_1_863' title='bbox 410 5649 439 5712; x_wconf 90' lang='lat' dir='ltr'>l.</span> <span class='ocrx_word' id='word_1_864' title='bbox 456 5651 516 5714; x_wconf 89' lang='lat' dir='ltr'>col.</span> <span class='ocrx_word' id='word_1_865' title='bbox 532 5649 604 5713; x_wconf 79' lang='grc' dir='ltr'>ιιι.</span> <span class='ocrx_word' id='word_1_866' title='bbox 621 5649 776 5731; x_wconf 86' lang='lat' dir='ltr'>proferunt</span> <span class='ocrx_word' id='word_1_867' title='bbox 787 5663 882 5712; x_wconf 90' lang='lat' dir='ltr'>unum</span> <span class='ocrx_word' id='word_1_868' title='bbox 894 5648 1049 5712; x_wconf 81' lang='lat' dir='ltr'>Athanasii</span> <span class='ocrx_word' id='word_1_869' title='bbox 1135 5650 1351 5716; x_wconf 88' lang='lat' dir='ltr'>lleaimoterlio</span> <span class='ocrx_word' id='word_1_870' title='bbox 1373 5651 1458 5731; x_wconf 85' lang='lat' dir='ltr'>ponit</span> <span class='ocrx_word' id='word_1_871' title='bbox 1472 5647 1649 5729; x_wconf 78' lang='lat' dir='ltr'>Gregorium</span> <span class='ocrx_word' id='word_1_872' title='bbox 1667 5651 1896 5724; x_wconf 82' lang='lat' dir='ltr'>nazianzenum,</span> <span class='ocrx_word' id='word_1_873' title='bbox 1914 5665 1952 5714; x_wconf 87' lang='lat' dir='ltr'>ex</span> 
     </span>
    </p>
   </div>
   <div class='ocr_carea' id='block_1_3' title="bbox 0 0 2048 6294">
    <p class='ocr_par' dir='ltr' id='par_1_3' title="bbox 0 0 2048 6294">
     <span class='ocr_line' id='line_1_66' title="bbox 0 0 2048 6294; baseline 0 0"><span class='ocrx_word' id='word_1_874' title='bbox 0 0 2048 6294; x_wconf 95' lang='lat' dir='ltr'> </span> 
     </span>
    </p>
   </div>
  </div>
 </body>
</html>
