<?xml version="1.0" encoding="UTF-8"?>
<!DOCTYPE html PUBLIC "-//W3C//DTD XHTML 1.0 Transitional//EN"
    "http://www.w3.org/TR/xhtml1/DTD/xhtml1-transitional.dtd">
<html xmlns="http://www.w3.org/1999/xhtml" xml:lang="en" lang="en">
 <head>
  <title>
</title>
<meta http-equiv="Content-Type" content="text/html;charset=utf-8" />
  <meta name='ocr-system' content='tesseract 3.04.00' />
  <meta name='ocr-capabilities' content='ocr_page ocr_carea ocr_par ocr_line ocrx_word'/>
</head>
<body>
  <div class='ocr_page' id='page_1' title='image "./operaomnia02sforgoog/operaomnia02sforgoog_0541.png"; bbox 0 0 4088 6300; ppageno 0'>
   <div class='ocr_carea' id='block_1_1' title="bbox 256 295 1270 369">
    <p class='ocr_par' dir='ltr' id='par_1_1' title="bbox 256 295 1270 369">
     <span class='ocr_line' id='line_1_1' title="bbox 256 295 1270 369; baseline 0.007 -12"><span class='ocrx_word' id='word_1_1' title='bbox 256 297 310 360; x_wconf 81' lang='lat' dir='ltr'><strong>tto</strong></span> <span class='ocrx_word' id='word_1_2' title='bbox 870 298 912 362; x_wconf 80' lang='lat' dir='ltr'><strong>bil</strong></span> <span class='ocrx_word' id='word_1_3' title='bbox 931 295 1036 364; x_wconf 81' lang='lat' dir='ltr'><strong>cotto</strong></span> <span class='ocrx_word' id='word_1_4' title='bbox 1072 297 1270 369; x_wconf 75' lang='lat' dir='ltr'><strong>autololum</strong></span> 
     </span>
    </p>
   </div>
   <div class='ocr_carea' id='block_1_2' title="bbox 190 429 2024 5719">
    <p class='ocr_par' dir='ltr' id='par_1_2' title="bbox 190 429 2024 5719">
     <span class='ocr_line' id='line_1_2' title="bbox 190 429 1978 518; baseline 0.004 -18"><span class='ocrx_word' id='word_1_5' title='bbox 190 439 314 513; x_wconf 77' lang='lat' dir='ltr'><strong>pretias</strong></span> <span class='ocrx_word' id='word_1_6' title='bbox 329 439 470 518; x_wconf 79' lang='lat' dir='ltr'><strong>agentes,</strong></span> <span class='ocrx_word' id='word_1_7' title='bbox 486 434 601 498; x_wconf 85' lang='lat' dir='ltr'><strong>etoote</strong></span> <span class='ocrx_word' id='word_1_8' title='bbox 614 429 706 500; x_wconf 86' lang='lat' dir='ltr'><strong>bento</strong></span> <span class='ocrx_word' id='word_1_9' title='bbox 721 437 895 514; x_wconf 72' lang='lat' dir='ltr'><strong>omtlesoori</strong></span> <span class='ocrx_word' id='word_1_10' title='bbox 916 439 1049 518; x_wconf 80' lang='lat' dir='ltr'><strong>proruit·</strong></span> <span class='ocrx_word' id='word_1_11' title='bbox 1132 431 1272 514; x_wconf 80' lang='lat' dir='ltr'><strong>ttursum,</strong></span> <span class='ocrx_word' id='word_1_12' title='bbox 1288 438 1369 502; x_wconf 90' lang='lat' dir='ltr'><strong>inter</strong></span> <span class='ocrx_word' id='word_1_13' title='bbox 1388 451 1496 515; x_wconf 85' lang='lat' dir='ltr'><strong>omues</strong></span> <span class='ocrx_word' id='word_1_14' title='bbox 1519 433 1685 510; x_wconf 82' lang='lat' dir='ltr'><strong>catholicos</strong></span> <span class='ocrx_word' id='word_1_15' title='bbox 1700 444 1851 507; x_wconf 77' lang='lat' dir='ltr'><strong>contenit</strong></span> <span class='ocrx_word' id='word_1_16' title='bbox 1868 443 1978 507; x_wconf 85' lang='lat' dir='ltr'><strong>aliter</strong></span> 
     </span>
     <span class='ocr_line' id='line_1_3' title="bbox 192 517 1978 606; baseline 0.002 -24"><span class='ocrx_word' id='word_1_17' title='bbox 192 521 291 584; x_wconf 84' lang='lat' dir='ltr'><strong>tentes</strong></span> <span class='ocrx_word' id='word_1_18' title='bbox 306 517 634 584; x_wconf 82' lang='lat' dir='ltr'><strong>luetinonoiooertmt</strong></span> <span class='ocrx_word' id='word_1_19' title='bbox 647 519 717 597; x_wconf 82' lang='lat' dir='ltr'><strong>rogi</strong></span> <span class='ocrx_word' id='word_1_20' title='bbox 731 523 790 582; x_wconf 86' lang='lat' dir='ltr'><strong>ote.</strong></span> <span class='ocrx_word' id='word_1_21' title='bbox 908 573 910 576; x_wconf 96' lang='lat'><strong>.</strong></span> <span class='ocrx_word' id='word_1_22' title='bbox 1092 523 1226 602; x_wconf 89' lang='lat' dir='ltr'><strong>promitti</strong></span> <span class='ocrx_word' id='word_1_23' title='bbox 1242 538 1353 584; x_wconf 88' lang='lat' dir='ltr'><strong>munus</strong></span> <span class='ocrx_word' id='word_1_24' title='bbox 1363 522 1438 596; x_wconf 87' lang='lat' dir='ltr'><strong>beo,</strong></span> <span class='ocrx_word' id='word_1_25' title='bbox 1454 523 1542 588; x_wconf 87' lang='lat' dir='ltr'><strong>aliter</strong></span> <span class='ocrx_word' id='word_1_26' title='bbox 1552 526 1679 603; x_wconf 83' lang='lat' dir='ltr'><strong>sanetis3</strong></span> <span class='ocrx_word' id='word_1_27' title='bbox 1701 527 1773 590; x_wconf 86' lang='lat' dir='ltr'><strong>llam</strong></span> <span class='ocrx_word' id='word_1_28' title='bbox 1788 527 1864 590; x_wconf 86' lang='lat' dir='ltr'><strong>Deo</strong></span> <span class='ocrx_word' id='word_1_29' title='bbox 1889 543 1978 606; x_wconf 87' lang='lat' dir='ltr'><strong>pro-</strong></span> 
     </span>
     <span class='ocr_line' id='line_1_4' title="bbox 233 599 1978 689; baseline 0.003 -23"><span class='ocrx_word' id='word_1_30' title='bbox 233 604 365 666; x_wconf 87' lang='lat' dir='ltr'><strong>daeedut</strong></span> <span class='ocrx_word' id='word_1_31' title='bbox 379 599 618 664; x_wconf 83' lang='lat' dir='ltr'><strong>adversariorum</strong></span> <span class='ocrx_word' id='word_1_32' title='bbox 648 601 866 664; x_wconf 89' lang='lat' dir='ltr'><strong>testimonium:</strong></span> <span class='ocrx_word' id='word_1_33' title='bbox 883 619 951 664; x_wconf 89' lang='lat' dir='ltr'><strong>narn</strong></span> <span class='ocrx_word' id='word_1_34' title='bbox 972 601 1050 666; x_wconf 81' lang='lat' dir='ltr'><strong>Fau·</strong></span> <span class='ocrx_word' id='word_1_35' title='bbox 1094 605 1219 666; x_wconf 88' lang='lat' dir='ltr'><strong>mittitur</strong></span> <span class='ocrx_word' id='word_1_36' title='bbox 1234 607 1263 665; x_wconf 94' lang='lat' dir='ltr'><strong>in</strong></span> <span class='ocrx_word' id='word_1_37' title='bbox 1278 605 1400 684; x_wconf 90' lang='lat' dir='ltr'><strong>siguum</strong></span> <span class='ocrx_word' id='word_1_38' title='bbox 1415 606 1607 683; x_wconf 70' lang='lat' dir='ltr'><strong>gratitudinis</strong></span> <span class='ocrx_word' id='word_1_39' title='bbox 1632 624 1702 689; x_wconf 89' lang='lat' dir='ltr'><strong>erga</strong></span> <span class='ocrx_word' id='word_1_40' title='bbox 1717 609 1859 689; x_wconf 89' lang='lat' dir='ltr'><strong>primurn</strong></span> <span class='ocrx_word' id='word_1_41' title='bbox 1876 609 1978 687; x_wconf 87' lang='lat' dir='ltr'><strong>prin·</strong></span> 
     </span>
     <span class='ocr_line' id='line_1_5' title="bbox 192 683 1976 771; baseline 0.003 -25"><span class='ocrx_word' id='word_1_42' title='bbox 192 690 260 749; x_wconf 87' lang='lat' dir='ltr'><strong>stus</strong></span> <span class='ocrx_word' id='word_1_43' title='bbox 274 687 354 764; x_wconf 88' lang='lat' dir='ltr'><strong>apud</strong></span> <span class='ocrx_word' id='word_1_44' title='bbox 372 683 573 764; x_wconf 82' lang='lat' dir='ltr'><strong>ungusttuum</strong></span> <span class='ocrx_word' id='word_1_45' title='bbox 588 683 643 745; x_wconf 94' lang='lat' dir='ltr'><strong>lib.</strong></span> <span class='ocrx_word' id='word_1_46' title='bbox 659 683 711 746; x_wconf 79' lang='lat'><strong>20.</strong></span> <span class='ocrx_word' id='word_1_47' title='bbox 727 691 830 748; x_wconf 91' lang='lat' dir='ltr'><strong>eontra</strong></span> <span class='ocrx_word' id='word_1_48' title='bbox 859 683 1003 749; x_wconf 82' lang='lat' dir='ltr'><strong>Faustum</strong></span> <span class='ocrx_word' id='word_1_49' title='bbox 1019 702 1049 749; x_wconf 90' lang='lat' dir='ltr'><strong>e.</strong></span> <span class='ocrx_word' id='word_1_50' title='bbox 1093 687 1208 765; x_wconf 86' lang='lat' dir='ltr'><strong>ulpium</strong></span> <span class='ocrx_word' id='word_1_51' title='bbox 1222 688 1357 750; x_wconf 90' lang='lat' dir='ltr'><strong>omnium</strong></span> <span class='ocrx_word' id='word_1_52' title='bbox 1371 692 1534 762; x_wconf 89' lang='lat' dir='ltr'><strong>boaorurn,</strong></span> <span class='ocrx_word' id='word_1_53' title='bbox 1550 697 1581 752; x_wconf 91' lang='lat' dir='ltr'><strong>et</strong></span> <span class='ocrx_word' id='word_1_54' title='bbox 1594 690 1624 751; x_wconf 93' lang='lat' dir='ltr'><strong>in</strong></span> <span class='ocrx_word' id='word_1_55' title='bbox 1637 692 1891 771; x_wconf 80' lang='lat' dir='ltr'><strong>recognitionem</strong></span> <span class='ocrx_word' id='word_1_56' title='bbox 1913 692 1976 753; x_wconf 87' lang='lat' dir='ltr'><strong>be·</strong></span> 
     </span>
     <span class='ocr_line' id='line_1_6' title="bbox 190 767 1977 852; baseline 0.002 -22"><span class='ocrx_word' id='word_1_57' title='bbox 190 767 224 830; x_wconf 75' lang='lat'><strong>3.</strong></span> <span class='ocrx_word' id='word_1_58' title='bbox 240 769 347 842; x_wconf 89' lang='lat' dir='ltr'><strong>ldolo,</strong></span> <span class='ocrx_word' id='word_1_59' title='bbox 362 768 472 848; x_wconf 90' lang='lat' dir='ltr'><strong>iuquit,</strong></span> <span class='ocrx_word' id='word_1_60' title='bbox 486 767 623 830; x_wconf 84' lang='lat' dir='ltr'><strong>vertistis</strong></span> <span class='ocrx_word' id='word_1_61' title='bbox 634 767 672 829; x_wconf 87' lang='lat' dir='ltr'><strong>iu</strong></span> <span class='ocrx_word' id='word_1_62' title='bbox 685 771 855 848; x_wconf 74' lang='lat' dir='ltr'><strong><em>martyres,</em></strong></span> <span class='ocrx_word' id='word_1_63' title='bbox 871 784 951 849; x_wconf 88' lang='lat' dir='ltr'><strong>quoa</strong></span> <span class='ocrx_word' id='word_1_64' title='bbox 970 769 1050 831; x_wconf 87' lang='lat' dir='ltr'><strong>uotis</strong></span> <span class='ocrx_word' id='word_1_65' title='bbox 1095 769 1195 832; x_wconf 89' lang='lat' dir='ltr'><strong>nefieit</strong></span> <span class='ocrx_word' id='word_1_66' title='bbox 1212 769 1249 831; x_wconf 93' lang='lat' dir='ltr'><strong>ab</strong></span> <span class='ocrx_word' id='word_1_67' title='bbox 1262 770 1340 848; x_wconf 91' lang='lat' dir='ltr'><strong>ipso,</strong></span> <span class='ocrx_word' id='word_1_68' title='bbox 1356 777 1536 850; x_wconf 86' lang='lat' dir='ltr'><strong>tamquame</strong></span> <span class='ocrx_word' id='word_1_69' title='bbox 1552 773 1650 851; x_wconf 90' lang='lat' dir='ltr'><strong>primo</strong></span> <span class='ocrx_word' id='word_1_70' title='bbox 1665 780 1789 837; x_wconf 85' lang='lat' dir='ltr'><strong>auctore</strong></span> <span class='ocrx_word' id='word_1_71' title='bbox 1803 775 1947 852; x_wconf 86' lang='lat' dir='ltr'><strong>accepti</strong></span> <span class='ocrx_word' id='word_1_72' title='bbox 1968 821 1977 847; x_wconf 96' lang='lat'><strong>,</strong></span> 
     </span>
     <span class='ocr_line' id='line_1_7' title="bbox 192 847 1977 934; baseline 0.003 -21"><span class='ocrx_word' id='word_1_73' title='bbox 192 851 354 914; x_wconf 80' lang='lat' dir='ltr'><strong>sirniiibus</strong></span> <span class='ocrx_word' id='word_1_74' title='bbox 370 849 484 911; x_wconf 87' lang='lat' dir='ltr'><strong>oblitis.</strong></span> <span class='ocrx_word' id='word_1_75' title='bbox 500 847 543 910; x_wconf 80' lang='lat' dir='ltr'><strong>bn</strong></span> <span class='ocrx_word' id='word_1_76' title='bbox 558 865 618 926; x_wconf 92' lang='lat' dir='ltr'><strong>quo</strong></span> <span class='ocrx_word' id='word_1_77' title='bbox 632 847 736 912; x_wconf 80' lang='lat' dir='ltr'><strong>Fausti</strong></span> <span class='ocrx_word' id='word_1_78' title='bbox 755 851 931 913; x_wconf 91' lang='lat' dir='ltr'><strong>testimonio</strong></span> <span class='ocrx_word' id='word_1_79' title='bbox 959 851 1050 913; x_wconf 87' lang='lat' dir='ltr'><strong>disei-</strong></span> <span class='ocrx_word' id='word_1_80' title='bbox 1095 862 1123 914; x_wconf 93' lang='grc' dir='ltr'><strong>ει</strong></span> <span class='ocrx_word' id='word_1_81' title='bbox 1141 853 1267 930; x_wconf 78' lang='lat' dir='ltr'><strong>proinde</strong></span> <span class='ocrx_word' id='word_1_82' title='bbox 1283 851 1333 912; x_wconf 93' lang='lat' dir='ltr'><strong>illa</strong></span> <span class='ocrx_word' id='word_1_83' title='bbox 1350 855 1510 930; x_wconf 80' lang='lat' dir='ltr'><strong>promissio</strong></span> <span class='ocrx_word' id='word_1_84' title='bbox 1525 861 1573 917; x_wconf 91' lang='lat' dir='ltr'><strong>est</strong></span> <span class='ocrx_word' id='word_1_85' title='bbox 1587 856 1687 918; x_wconf 91' lang='lat' dir='ltr'><strong>eultus</strong></span> <span class='ocrx_word' id='word_1_86' title='bbox 1703 857 1820 934; x_wconf 65' lang='lat' dir='ltr'><strong>latriam</strong></span> <span class='ocrx_word' id='word_1_87' title='bbox 1839 862 1877 918; x_wconf 87' lang='lat' dir='ltr'><strong>at</strong></span> <span class='ocrx_word' id='word_1_88' title='bbox 1894 874 1977 919; x_wconf 90' lang='lat' dir='ltr'><strong>san·</strong></span> 
     </span>
     <span class='ocr_line' id='line_1_8' title="bbox 193 931 1976 1018; baseline 0.004 -24"><span class='ocrx_word' id='word_1_89' title='bbox 193 949 274 998; x_wconf 90' lang='lat' dir='ltr'><strong>mus.</strong></span> <span class='ocrx_word' id='word_1_90' title='bbox 292 932 522 996; x_wconf 87' lang='lat' dir='ltr'><strong>usitatissimum</strong></span> <span class='ocrx_word' id='word_1_91' title='bbox 537 932 568 993; x_wconf 94' lang='lat' dir='ltr'><strong>iu</strong></span> <span class='ocrx_word' id='word_1_92' title='bbox 585 931 733 1009; x_wconf 80' lang='lat' dir='ltr'><strong>primitiva</strong></span> <span class='ocrx_word' id='word_1_93' title='bbox 749 931 884 996; x_wconf 75' lang='lat' dir='ltr'><strong>deelesia</strong></span> <span class='ocrx_word' id='word_1_94' title='bbox 901 933 1052 1008; x_wconf 68' lang='lat' dir='ltr'><strong>fuissent</strong></span> <span class='ocrx_word' id='word_1_95' title='bbox 1095 934 1152 997; x_wconf 91' lang='lat' dir='ltr'><strong>etis</strong></span> <span class='ocrx_word' id='word_1_96' title='bbox 1167 934 1350 1013; x_wconf 88' lang='lat' dir='ltr'><strong>promittitur</strong></span> <span class='ocrx_word' id='word_1_97' title='bbox 1364 937 1477 1014; x_wconf 89' lang='lat' dir='ltr'><strong>aliquid</strong></span> <span class='ocrx_word' id='word_1_98' title='bbox 1494 937 1523 998; x_wconf 90' lang='lat' dir='ltr'><strong>io</strong></span> <span class='ocrx_word' id='word_1_99' title='bbox 1535 938 1657 1018; x_wconf 88' lang='lat' dir='ltr'><strong>siguum</strong></span> <span class='ocrx_word' id='word_1_100' title='bbox 1668 939 1874 1016; x_wconf 68' lang='lat' dir='ltr'><strong>gratitudinis</strong></span> <span class='ocrx_word' id='word_1_101' title='bbox 1892 955 1976 1017; x_wconf 86' lang='lat' dir='ltr'><strong>erga</strong></span> 
     </span>
     <span class='ocr_line' id='line_1_9' title="bbox 196 1011 1978 1099; baseline 0.004 -23"><span class='ocrx_word' id='word_1_102' title='bbox 196 1015 371 1078; x_wconf 87' lang='lat' dir='ltr'><strong>martiribus</strong></span> <span class='ocrx_word' id='word_1_103' title='bbox 387 1017 452 1075; x_wconf 89' lang='lat' dir='ltr'><strong>rota</strong></span> <span class='ocrx_word' id='word_1_104' title='bbox 467 1011 588 1075; x_wconf 83' lang='lat' dir='ltr'><strong>derant.</strong></span> <span class='ocrx_word' id='word_1_105' title='bbox 1095 1017 1279 1080; x_wconf 80' lang='lat' dir='ltr'><strong>mediatores</strong></span> <span class='ocrx_word' id='word_1_106' title='bbox 1294 1025 1323 1078; x_wconf 88' lang='lat' dir='ltr'><strong>ot</strong></span> <span class='ocrx_word' id='word_1_107' title='bbox 1338 1019 1570 1095; x_wconf 76' lang='lat' dir='ltr'><strong>intercessores,</strong></span> <span class='ocrx_word' id='word_1_108' title='bbox 1585 1035 1639 1098; x_wconf 88' lang='lat' dir='ltr'><strong>per</strong></span> <span class='ocrx_word' id='word_1_109' title='bbox 1650 1037 1758 1099; x_wconf 89' lang='lat' dir='ltr'><strong>quasa</strong></span> <span class='ocrx_word' id='word_1_110' title='bbox 1776 1021 1842 1085; x_wconf 80' lang='lat' dir='ltr'><strong>lieo</strong></span> <span class='ocrx_word' id='word_1_111' title='bbox 1863 1021 1978 1084; x_wconf 87' lang='lat' dir='ltr'><strong>bene·</strong></span> 
     </span>
     <span class='ocr_line' id='line_1_10' title="bbox 235 1095 1977 1183; baseline 0.003 -23"><span class='ocrx_word' id='word_1_112' title='bbox 235 1098 278 1160; x_wconf 84' lang='grc' dir='ltr'><strong>Αι</strong></span> <span class='ocrx_word' id='word_1_113' title='bbox 295 1101 507 1178; x_wconf 78' lang='lat' dir='ltr'><strong>argumentum</strong></span> <span class='ocrx_word' id='word_1_114' title='bbox 522 1102 621 1158; x_wconf 89' lang='lat' dir='ltr'><strong>autem</strong></span> <span class='ocrx_word' id='word_1_115' title='bbox 650 1096 730 1176; x_wconf 93' lang='lat' dir='ltr'><strong>quod</strong></span> <span class='ocrx_word' id='word_1_116' title='bbox 746 1095 878 1178; x_wconf 89' lang='lat' dir='ltr'><strong>nosipsi</strong></span> <span class='ocrx_word' id='word_1_117' title='bbox 893 1095 1051 1177; x_wconf 90' lang='lat' dir='ltr'><strong>proposui·</strong></span> <span class='ocrx_word' id='word_1_118' title='bbox 1095 1099 1162 1162; x_wconf 90' lang='lat' dir='ltr'><strong>lieia</strong></span> <span class='ocrx_word' id='word_1_119' title='bbox 1178 1100 1367 1178; x_wconf 84' lang='lat' dir='ltr'><strong>accepimus;</strong></span> <span class='ocrx_word' id='word_1_120' title='bbox 1383 1106 1413 1164; x_wconf 92' lang='lat' dir='ltr'><strong>et</strong></span> <span class='ocrx_word' id='word_1_121' title='bbox 1427 1102 1557 1179; x_wconf 89' lang='lat' dir='ltr'><strong>proinde</strong></span> <span class='ocrx_word' id='word_1_122' title='bbox 1571 1103 1621 1164; x_wconf 91' lang='lat' dir='ltr'><strong>illa</strong></span> <span class='ocrx_word' id='word_1_123' title='bbox 1632 1102 1796 1183; x_wconf 84' lang='lat' dir='ltr'><strong>promissio</strong></span> <span class='ocrx_word' id='word_1_124' title='bbox 1820 1120 1896 1167; x_wconf 91' lang='lat' dir='ltr'><strong>nou</strong></span> <span class='ocrx_word' id='word_1_125' title='bbox 1922 1112 1977 1166; x_wconf 86' lang='lat' dir='ltr'><strong>est</strong></span> 
     </span>
     <span class='ocr_line' id='line_1_11' title="bbox 196 1177 1522 1260; baseline 0.006 -20"><span class='ocrx_word' id='word_1_126' title='bbox 196 1197 275 1244; x_wconf 90' lang='lat' dir='ltr'><strong>rnus.</strong></span> <span class='ocrx_word' id='word_1_127' title='bbox 305 1179 518 1256; x_wconf 91' lang='lat' dir='ltr'><strong>respondetb.</strong></span> <span class='ocrx_word' id='word_1_128' title='bbox 544 1178 677 1240; x_wconf 80' lang='lat' dir='ltr'><strong>&#39;ihomas</strong></span> <span class='ocrx_word' id='word_1_129' title='bbox 702 1179 825 1242; x_wconf 63' lang='lat' dir='ltr'><strong>lum.</strong></span> <span class='ocrx_word' id='word_1_130' title='bbox 852 1187 970 1260; x_wconf 89' lang='lat' dir='ltr'><strong>quaest.</strong></span> <span class='ocrx_word' id='word_1_131' title='bbox 1000 1177 1051 1241; x_wconf 87' lang='grc'><strong>88.</strong></span> <span class='ocrx_word' id='word_1_132' title='bbox 1097 1182 1197 1246; x_wconf 87' lang='lat' dir='ltr'><strong>uultus</strong></span> <span class='ocrx_word' id='word_1_133' title='bbox 1209 1181 1325 1253; x_wconf 89' lang='lat' dir='ltr'><strong>latriae,</strong></span> <span class='ocrx_word' id='word_1_134' title='bbox 1341 1182 1396 1246; x_wconf 89' lang='lat' dir='ltr'><strong>sed</strong></span> <span class='ocrx_word' id='word_1_135' title='bbox 1409 1183 1522 1248; x_wconf 89' lang='lat' dir='ltr'><strong>duliae.</strong></span> 
     </span>
     <span class='ocr_line' id='line_1_12' title="bbox 195 1261 1977 1348; baseline 0.003 -24"><span class='ocrx_word' id='word_1_136' title='bbox 195 1269 251 1327; x_wconf 84' lang='lat' dir='ltr'><strong>ort</strong></span> <span class='ocrx_word' id='word_1_137' title='bbox 269 1262 300 1325; x_wconf 82' lang='lat'><strong>5.</strong></span> <span class='ocrx_word' id='word_1_138' title='bbox 316 1269 382 1326; x_wconf 83' lang='lat' dir='ltr'><strong>vota</strong></span> <span class='ocrx_word' id='word_1_139' title='bbox 399 1276 477 1341; x_wconf 92' lang='lat' dir='ltr'><strong>quae</strong></span> <span class='ocrx_word' id='word_1_140' title='bbox 491 1261 567 1323; x_wconf 86' lang='lat' dir='ltr'><strong>flunt</strong></span> <span class='ocrx_word' id='word_1_141' title='bbox 581 1261 707 1333; x_wconf 87' lang='lat' dir='ltr'><strong>sanetis,</strong></span> <span class='ocrx_word' id='word_1_142' title='bbox 724 1263 771 1324; x_wconf 87' lang='lat' dir='ltr'><strong>rel</strong></span> <span class='ocrx_word' id='word_1_143' title='bbox 787 1263 944 1341; x_wconf 88' lang='lat' dir='ltr'><strong>praelatis,</strong></span> <span class='ocrx_word' id='word_1_144' title='bbox 957 1261 1053 1323; x_wconf 93' lang='lat' dir='ltr'><strong>inelu·</strong></span> <span class='ocrx_word' id='word_1_145' title='bbox 1138 1265 1241 1326; x_wconf 89' lang='lat' dir='ltr'><strong>Solum</strong></span> <span class='ocrx_word' id='word_1_146' title='bbox 1257 1264 1376 1328; x_wconf 88' lang='lat' dir='ltr'><strong>ridetur</strong></span> <span class='ocrx_word' id='word_1_147' title='bbox 1395 1265 1521 1328; x_wconf 91' lang='lat' dir='ltr'><strong>dubium</strong></span> <span class='ocrx_word' id='word_1_148' title='bbox 1537 1283 1620 1343; x_wconf 87' lang='lat' dir='ltr'><strong>esse,</strong></span> <span class='ocrx_word' id='word_1_149' title='bbox 1645 1283 1684 1328; x_wconf 92' lang='grc' dir='ltr'><strong>ιιι</strong></span> <span class='ocrx_word' id='word_1_150' title='bbox 1708 1267 1764 1330; x_wconf 91' lang='grc' dir='ltr'><strong>ιειι</strong></span> <span class='ocrx_word' id='word_1_151' title='bbox 1787 1269 1977 1348; x_wconf 85' lang='lat' dir='ltr'><strong>promissio</strong></span> 
     </span>
     <span class='ocr_line' id='line_1_13' title="bbox 194 1344 1977 1426; baseline 0.004 -20"><span class='ocrx_word' id='word_1_152' title='bbox 194 1347 268 1408; x_wconf 90' lang='lat' dir='ltr'><strong>dere</strong></span> <span class='ocrx_word' id='word_1_153' title='bbox 284 1345 360 1408; x_wconf 88' lang='lat' dir='ltr'><strong>duas</strong></span> <span class='ocrx_word' id='word_1_154' title='bbox 375 1344 608 1422; x_wconf 85' lang='lat' dir='ltr'><strong>promissiones:</strong></span> <span class='ocrx_word' id='word_1_155' title='bbox 626 1359 716 1406; x_wconf 91' lang='lat' dir='ltr'><strong>uuam</strong></span> <span class='ocrx_word' id='word_1_156' title='bbox 731 1361 809 1422; x_wconf 90' lang='lat' dir='ltr'><strong>quae</strong></span> <span class='ocrx_word' id='word_1_157' title='bbox 824 1345 858 1407; x_wconf 90' lang='lat' dir='ltr'><strong>fit</strong></span> <span class='ocrx_word' id='word_1_158' title='bbox 879 1345 1004 1418; x_wconf 89' lang='lat' dir='ltr'><strong>sanetis,</strong></span> <span class='ocrx_word' id='word_1_159' title='bbox 1022 1350 1053 1406; x_wconf 91' lang='lat' dir='ltr'><strong>et</strong></span> <span class='ocrx_word' id='word_1_160' title='bbox 1098 1347 1173 1409; x_wconf 89' lang='lat' dir='ltr'><strong>loeta</strong></span> <span class='ocrx_word' id='word_1_161' title='bbox 1189 1347 1303 1410; x_wconf 87' lang='lat' dir='ltr'><strong>sanetis</strong></span> <span class='ocrx_word' id='word_1_162' title='bbox 1318 1349 1414 1426; x_wconf 90' lang='lat' dir='ltr'><strong>possit</strong></span> <span class='ocrx_word' id='word_1_163' title='bbox 1428 1349 1489 1411; x_wconf 89' lang='lat' dir='ltr'><strong>diei</strong></span> <span class='ocrx_word' id='word_1_164' title='bbox 1504 1356 1616 1423; x_wconf 80' lang='lat' dir='ltr'><strong>totum,</strong></span> <span class='ocrx_word' id='word_1_165' title='bbox 1632 1349 1723 1421; x_wconf 89' lang='lat' dir='ltr'><strong>idest,</strong></span> <span class='ocrx_word' id='word_1_166' title='bbox 1739 1368 1777 1412; x_wconf 91' lang='grc' dir='ltr'><strong>ιιι</strong></span> <span class='ocrx_word' id='word_1_167' title='bbox 1793 1360 1911 1415; x_wconf 85' lang='lat' dir='ltr'><strong>votum</strong></span> <span class='ocrx_word' id='word_1_168' title='bbox 1933 1355 1977 1413; x_wconf 88' lang='lat' dir='ltr'><strong>sit</strong></span> 
     </span>
     <span class='ocr_line' id='line_1_14' title="bbox 194 1425 1975 1513; baseline 0.002 -22"><span class='ocrx_word' id='word_1_169' title='bbox 194 1429 278 1491; x_wconf 89' lang='lat' dir='ltr'><strong>illurn</strong></span> <span class='ocrx_word' id='word_1_170' title='bbox 294 1444 354 1490; x_wconf 92' lang='lat' dir='ltr'><strong>uon</strong></span> <span class='ocrx_word' id='word_1_171' title='bbox 370 1441 442 1490; x_wconf 90' lang='lat' dir='ltr'><strong>esse</strong></span> <span class='ocrx_word' id='word_1_172' title='bbox 456 1425 624 1488; x_wconf 80' lang='lat' dir='ltr'><strong>formaliter</strong></span> <span class='ocrx_word' id='word_1_173' title='bbox 637 1432 751 1492; x_wconf 83' lang='lat' dir='ltr'><strong>votum.</strong></span> <span class='ocrx_word' id='word_1_174' title='bbox 767 1426 823 1490; x_wconf 93' lang='lat' dir='ltr'><strong>sed</strong></span> <span class='ocrx_word' id='word_1_175' title='bbox 835 1427 989 1493; x_wconf 88' lang='lat' dir='ltr'><strong>materiam</strong></span> <span class='ocrx_word' id='word_1_176' title='bbox 1003 1443 1053 1488; x_wconf 81' lang='lat' dir='ltr'><strong>to·</strong></span> <span class='ocrx_word' id='word_1_177' title='bbox 1098 1444 1208 1491; x_wconf 89' lang='lat' dir='ltr'><strong>nomen</strong></span> <span class='ocrx_word' id='word_1_178' title='bbox 1221 1431 1460 1510; x_wconf 84' lang='lat' dir='ltr'><strong>generale,quod</strong></span> <span class='ocrx_word' id='word_1_179' title='bbox 1476 1431 1592 1494; x_wconf 91' lang='lat' dir='ltr'><strong>dioatur</strong></span> <span class='ocrx_word' id='word_1_180' title='bbox 1603 1433 1759 1508; x_wconf 79' lang='lat' dir='ltr'><strong>uuulogtee</strong></span> <span class='ocrx_word' id='word_1_181' title='bbox 1771 1436 1812 1496; x_wconf 90' lang='lat' dir='ltr'><strong>de</strong></span> <span class='ocrx_word' id='word_1_182' title='bbox 1824 1436 1975 1513; x_wconf 87' lang='lat' dir='ltr'><strong>prornis-</strong></span> 
     </span>
     <span class='ocr_line' id='line_1_15' title="bbox 195 1507 1975 1593; baseline 0.003 -21"><span class='ocrx_word' id='word_1_183' title='bbox 195 1513 229 1573; x_wconf 88' lang='lat' dir='ltr'><strong>tt:</strong></span> <span class='ocrx_word' id='word_1_184' title='bbox 244 1512 370 1574; x_wconf 90' lang='lat' dir='ltr'><strong>alteram</strong></span> <span class='ocrx_word' id='word_1_185' title='bbox 385 1524 464 1590; x_wconf 91' lang='lat' dir='ltr'><strong>quae</strong></span> <span class='ocrx_word' id='word_1_186' title='bbox 479 1507 513 1571; x_wconf 84' lang='grc' dir='ltr'><strong>ιιι</strong></span> <span class='ocrx_word' id='word_1_187' title='bbox 527 1508 603 1577; x_wconf 86' lang='grc' dir='ltr'><strong>Ιιεο,</strong></span> <span class='ocrx_word' id='word_1_188' title='bbox 624 1513 655 1570; x_wconf 87' lang='grc' dir='ltr'><strong>ει</strong></span> <span class='ocrx_word' id='word_1_189' title='bbox 679 1507 763 1572; x_wconf 87' lang='grc' dir='ltr'><strong>ιιιιιιι</strong></span> <span class='ocrx_word' id='word_1_190' title='bbox 790 1525 862 1573; x_wconf 88' lang='grc' dir='ltr'><strong>εεεε</strong></span> <span class='ocrx_word' id='word_1_191' title='bbox 890 1509 1055 1571; x_wconf 74' lang='lat' dir='ltr'><strong>formaliter</strong></span> <span class='ocrx_word' id='word_1_192' title='bbox 1098 1511 1186 1574; x_wconf 90' lang='lat' dir='ltr'><strong>sione</strong></span> <span class='ocrx_word' id='word_1_193' title='bbox 1201 1512 1276 1574; x_wconf 88' lang='lat' dir='ltr'><strong>laetu</strong></span> <span class='ocrx_word' id='word_1_194' title='bbox 1290 1513 1353 1574; x_wconf 85' lang='lat' dir='ltr'><strong>lieo</strong></span> <span class='ocrx_word' id='word_1_195' title='bbox 1368 1514 1537 1589; x_wconf 79' lang='lat' dir='ltr'><strong>ersendis,</strong></span> <span class='ocrx_word' id='word_1_196' title='bbox 1553 1515 1705 1593; x_wconf 92' lang='lat' dir='ltr'><strong>quomodo</strong></span> <span class='ocrx_word' id='word_1_197' title='bbox 1717 1533 1830 1579; x_wconf 90' lang='lat' dir='ltr'><strong>nomeu</strong></span> <span class='ocrx_word' id='word_1_198' title='bbox 1846 1519 1975 1578; x_wconf 55' lang='lat' dir='ltr'><strong>oratioe</strong></span> 
     </span>
     <span class='ocr_line' id='line_1_16' title="bbox 195 1589 2024 1680; baseline 0.004 -26"><span class='ocrx_word' id='word_1_199' title='bbox 195 1599 311 1655; x_wconf 83' lang='lat' dir='ltr'><strong>notum:</strong></span> <span class='ocrx_word' id='word_1_200' title='bbox 327 1599 361 1655; x_wconf 94' lang='lat' dir='ltr'><strong>ut</strong></span> <span class='ocrx_word' id='word_1_201' title='bbox 375 1607 445 1654; x_wconf 91' lang='lat' dir='ltr'><strong>eum</strong></span> <span class='ocrx_word' id='word_1_202' title='bbox 460 1592 531 1671; x_wconf 88' lang='lat' dir='ltr'><strong>quis</strong></span> <span class='ocrx_word' id='word_1_203' title='bbox 547 1589 631 1652; x_wconf 85' lang='lat' dir='ltr'><strong>dicit:</strong></span> <span class='ocrx_word' id='word_1_204' title='bbox 660 1589 762 1655; x_wconf 79' lang='lat' dir='ltr'><strong>Voveo</strong></span> <span class='ocrx_word' id='word_1_205' title='bbox 773 1592 806 1655; x_wconf 91' lang='lat' dir='ltr'><strong>b.</strong></span> <span class='ocrx_word' id='word_1_206' title='bbox 831 1591 941 1655; x_wconf 89' lang='lat' dir='ltr'><strong>llariae</strong></span> <span class='ocrx_word' id='word_1_207' title='bbox 956 1607 1005 1654; x_wconf 92' lang='lat' dir='ltr'><strong>me</strong></span> <span class='ocrx_word' id='word_1_208' title='bbox 1016 1591 1054 1656; x_wconf 91' lang='lat' dir='ltr'><strong>ad</strong></span> <span class='ocrx_word' id='word_1_209' title='bbox 1098 1594 1159 1668; x_wconf 88' lang='lat' dir='ltr'><strong>uis,</strong></span> <span class='ocrx_word' id='word_1_210' title='bbox 1176 1601 1206 1656; x_wconf 89' lang='lat' dir='ltr'><strong>et</strong></span> <span class='ocrx_word' id='word_1_211' title='bbox 1221 1609 1331 1657; x_wconf 90' lang='lat' dir='ltr'><strong>nomen</strong></span> <span class='ocrx_word' id='word_1_212' title='bbox 1347 1595 1448 1658; x_wconf 83' lang='lat' dir='ltr'><strong>uultus</strong></span> <span class='ocrx_word' id='word_1_213' title='bbox 1462 1612 1497 1660; x_wconf 91' lang='lat' dir='ltr'><strong>se</strong></span> <span class='ocrx_word' id='word_1_214' title='bbox 1508 1596 1632 1660; x_wconf 88' lang='lat' dir='ltr'><strong>habent:</strong></span> <span class='ocrx_word' id='word_1_215' title='bbox 1648 1615 1685 1659; x_wconf 91' lang='lat' dir='ltr'><strong>an</strong></span> <span class='ocrx_word' id='word_1_216' title='bbox 1698 1615 1769 1661; x_wconf 85' lang='lat' dir='ltr'><strong>reru</strong></span> <span class='ocrx_word' id='word_1_217' title='bbox 1783 1600 1825 1660; x_wconf 91' lang='lat' dir='ltr'><strong>sit</strong></span> <span class='ocrx_word' id='word_1_218' title='bbox 1840 1615 1973 1661; x_wconf 87' lang='lat' dir='ltr'><strong>noman</strong></span> <span class='ocrx_word' id='word_1_219' title='bbox 2023 1653 2024 1680; x_wconf 73' lang='lat'><strong>,</strong></span> 
     </span>
     <span class='ocr_line' id='line_1_17' title="bbox 196 1673 2024 1759; baseline 0.004 -20"><span class='ocrx_word' id='word_1_220' title='bbox 196 1676 265 1756; x_wconf 89' lang='lat' dir='ltr'><strong>ejus</strong></span> <span class='ocrx_word' id='word_1_221' title='bbox 276 1678 399 1738; x_wconf 87' lang='lat' dir='ltr'><strong>domurn</strong></span> <span class='ocrx_word' id='word_1_222' title='bbox 413 1673 839 1754; x_wconf 79' lang='lat' dir='ltr'><strong>peregrinaturumrpromittit</strong></span> <span class='ocrx_word' id='word_1_223' title='bbox 849 1675 963 1754; x_wconf 78' lang='lat' dir='ltr'><strong>Virgini</strong></span> <span class='ocrx_word' id='word_1_224' title='bbox 977 1676 1055 1736; x_wconf 89' lang='lat' dir='ltr'><strong>bano</strong></span> <span class='ocrx_word' id='word_1_225' title='bbox 1099 1677 1245 1754; x_wconf 83' lang='lat' dir='ltr'><strong>speciale,</strong></span> <span class='ocrx_word' id='word_1_226' title='bbox 1259 1678 1340 1757; x_wconf 93' lang='lat' dir='ltr'><strong>quod</strong></span> <span class='ocrx_word' id='word_1_227' title='bbox 1355 1679 1456 1742; x_wconf 90' lang='lat' dir='ltr'><strong>solum</strong></span> <span class='ocrx_word' id='word_1_228' title='bbox 1479 1679 1596 1742; x_wconf 82' lang='lat' dir='ltr'><strong>dicatur</strong></span> <span class='ocrx_word' id='word_1_229' title='bbox 1620 1682 1659 1742; x_wconf 92' lang='lat' dir='ltr'><strong>de</strong></span> <span class='ocrx_word' id='word_1_230' title='bbox 1674 1682 1890 1759; x_wconf 84' lang='lat' dir='ltr'><strong>promissione</strong></span> <span class='ocrx_word' id='word_1_231' title='bbox 1905 1684 1974 1744; x_wconf 88' lang='lat' dir='ltr'><strong>[teo</strong></span> <span class='ocrx_word' id='word_1_232' title='bbox 2023 1719 2024 1746; x_wconf 66' lang='grc' dir='ltr'><strong>ι</strong></span> 
     </span>
     <span class='ocr_line' id='line_1_18' title="bbox 195 1757 1971 1839; baseline 0.003 -17"><span class='ocrx_word' id='word_1_233' title='bbox 195 1758 485 1839; x_wconf 87' lang='lat' dir='ltr'><strong>peregrinationem,</strong></span> <span class='ocrx_word' id='word_1_234' title='bbox 502 1757 557 1818; x_wconf 90' lang='grc' dir='ltr'><strong>εει</strong></span> <span class='ocrx_word' id='word_1_235' title='bbox 575 1757 652 1818; x_wconf 87' lang='lat' dir='ltr'><strong>brreo</strong></span> <span class='ocrx_word' id='word_1_236' title='bbox 666 1758 830 1835; x_wconf 89' lang='lat' dir='ltr'><strong>promissio</strong></span> <span class='ocrx_word' id='word_1_237' title='bbox 858 1774 920 1820; x_wconf 93' lang='lat' dir='ltr'><strong>nou</strong></span> <span class='ocrx_word' id='word_1_238' title='bbox 942 1764 990 1819; x_wconf 91' lang='grc' dir='ltr'><strong>εει</strong></span> <span class='ocrx_word' id='word_1_239' title='bbox 1004 1771 1055 1818; x_wconf 87' lang='lat' dir='ltr'><strong>ro·</strong></span> <span class='ocrx_word' id='word_1_240' title='bbox 1099 1759 1272 1831; x_wconf 90' lang='lat' dir='ltr'><strong>laeta,sleut</strong></span> <span class='ocrx_word' id='word_1_241' title='bbox 1285 1759 1467 1823; x_wconf 78' lang='lat' dir='ltr'><strong>sacrificium</strong></span> <span class='ocrx_word' id='word_1_242' title='bbox 1483 1776 1544 1824; x_wconf 92' lang='lat' dir='ltr'><strong>nou</strong></span> <span class='ocrx_word' id='word_1_243' title='bbox 1559 1763 1671 1824; x_wconf 90' lang='lat' dir='ltr'><strong>dieitur</strong></span> <span class='ocrx_word' id='word_1_244' title='bbox 1685 1764 1743 1825; x_wconf 89' lang='lat' dir='ltr'><strong>nisi</strong></span> <span class='ocrx_word' id='word_1_245' title='bbox 1759 1765 1797 1825; x_wconf 93' lang='grc' dir='ltr'><strong>ιε</strong></span> <span class='ocrx_word' id='word_1_246' title='bbox 1813 1779 1971 1838; x_wconf 83' lang='grc' dir='ltr'><strong>ιιιιιιιειε,</strong></span> 
     </span>
     <span class='ocr_line' id='line_1_19' title="bbox 197 1838 1972 1921; baseline 0.003 -17"><span class='ocrx_word' id='word_1_247' title='bbox 197 1849 274 1904; x_wconf 87' lang='lat' dir='ltr'><strong>turn:</strong></span> <span class='ocrx_word' id='word_1_248' title='bbox 291 1846 321 1904; x_wconf 92' lang='grc' dir='ltr'><strong>ει</strong></span> <span class='ocrx_word' id='word_1_249' title='bbox 334 1841 426 1904; x_wconf 91' lang='lat' dir='ltr'><strong>simul</strong></span> <span class='ocrx_word' id='word_1_250' title='bbox 449 1839 594 1918; x_wconf 91' lang='lat' dir='ltr'><strong>promittit</strong></span> <span class='ocrx_word' id='word_1_251' title='bbox 614 1838 688 1907; x_wconf 87' lang='lat' dir='ltr'><strong>beo.</strong></span> <span class='ocrx_word' id='word_1_252' title='bbox 705 1855 740 1902; x_wconf 88' lang='lat' dir='ltr'><strong>sa</strong></span> <span class='ocrx_word' id='word_1_253' title='bbox 764 1840 961 1920; x_wconf 90' lang='lat' dir='ltr'><strong>impleturum</strong></span> <span class='ocrx_word' id='word_1_254' title='bbox 987 1855 1056 1919; x_wconf 86' lang='lat' dir='ltr'><strong>pro·</strong></span> <span class='ocrx_word' id='word_1_255' title='bbox 1099 1841 1180 1921; x_wconf 90' lang='lat' dir='ltr'><strong>quod</strong></span> <span class='ocrx_word' id='word_1_256' title='bbox 1196 1839 1321 1905; x_wconf 83' lang='lat' dir='ltr'><strong>offertur</strong></span> <span class='ocrx_word' id='word_1_257' title='bbox 1334 1842 1410 1905; x_wconf 90' lang='lat' dir='ltr'><strong>Deo.</strong></span> <span class='ocrx_word' id='word_1_258' title='bbox 1434 1843 1496 1906; x_wconf 83' lang='lat' dir='ltr'><strong>urst</strong></span> <span class='ocrx_word' id='word_1_259' title='bbox 1511 1850 1611 1907; x_wconf 89' lang='lat' dir='ltr'><strong>autem</strong></span> <span class='ocrx_word' id='word_1_260' title='bbox 1636 1848 1844 1909; x_wconf 80' lang='lat' dir='ltr'><strong>controversia</strong></span> <span class='ocrx_word' id='word_1_261' title='bbox 1873 1863 1972 1909; x_wconf 84' lang='lat' dir='ltr'><strong>voea-</strong></span> 
     </span>
     <span class='ocr_line' id='line_1_20' title="bbox 198 1919 1972 2008; baseline 0.002 -22"><span class='ocrx_word' id='word_1_262' title='bbox 198 1925 377 1987; x_wconf 90' lang='lat' dir='ltr'><strong>missionem</strong></span> <span class='ocrx_word' id='word_1_263' title='bbox 390 1919 506 2002; x_wconf 81' lang='lat' dir='ltr'><strong>Virgini</strong></span> <span class='ocrx_word' id='word_1_264' title='bbox 521 1921 675 1985; x_wconf 85' lang='lat' dir='ltr'><strong>factamet</strong></span> <span class='ocrx_word' id='word_1_265' title='bbox 690 1923 766 1985; x_wconf 88' lang='lat' dir='ltr'><strong>haee</strong></span> <span class='ocrx_word' id='word_1_266' title='bbox 780 1925 914 1986; x_wconf 88' lang='lat' dir='ltr'><strong>seeundo</strong></span> <span class='ocrx_word' id='word_1_267' title='bbox 927 1920 1056 2001; x_wconf 89' lang='lat' dir='ltr'><strong>promis·</strong></span> <span class='ocrx_word' id='word_1_268' title='bbox 1099 1923 1257 1990; x_wconf 70' lang='lat' dir='ltr'><strong>balteum</strong></span> <span class='ocrx_word' id='word_1_269' title='bbox 1273 1926 1311 1986; x_wconf 93' lang='lat' dir='ltr'><strong>de</strong></span> <span class='ocrx_word' id='word_1_270' title='bbox 1328 1941 1360 1986; x_wconf 91' lang='lat' dir='ltr'><strong>re</strong></span> <span class='ocrx_word' id='word_1_271' title='bbox 1376 1932 1506 1995; x_wconf 87' lang='lat' dir='ltr'><strong>onustat,</strong></span> <span class='ocrx_word' id='word_1_272' title='bbox 1530 1943 1587 1990; x_wconf 92' lang='lat' dir='ltr'><strong>uos</strong></span> <span class='ocrx_word' id='word_1_273' title='bbox 1601 1935 1744 2006; x_wconf 89' lang='lat' dir='ltr'><strong>torquere</strong></span> <span class='ocrx_word' id='word_1_274' title='bbox 1760 1944 1822 1990; x_wconf 93' lang='lat' dir='ltr'><strong>non</strong></span> <span class='ocrx_word' id='word_1_275' title='bbox 1840 1931 1947 1992; x_wconf 86' lang='lat' dir='ltr'><strong>debet</strong></span> <span class='ocrx_word' id='word_1_276' title='bbox 1963 1946 1972 2008; x_wconf 69' lang='grc' dir='ltr'><strong>ι</strong></span> 
     </span>
     <span class='ocr_line' id='line_1_21' title="bbox 198 2004 2024 2078; baseline 0.003 -8"><span class='ocrx_word' id='word_1_277' title='bbox 198 2009 246 2070; x_wconf 88' lang='lat' dir='ltr'><strong>sio</strong></span> <span class='ocrx_word' id='word_1_278' title='bbox 261 2021 332 2070; x_wconf 80' lang='lat' dir='ltr'><strong>tere</strong></span> <span class='ocrx_word' id='word_1_279' title='bbox 346 2012 395 2069; x_wconf 89' lang='lat' dir='ltr'><strong>est</strong></span> <span class='ocrx_word' id='word_1_280' title='bbox 407 2004 562 2066; x_wconf 74' lang='lat' dir='ltr'><strong>autumet</strong></span> <span class='ocrx_word' id='word_1_281' title='bbox 572 2004 628 2066; x_wconf 89' lang='lat' dir='ltr'><strong>ista</strong></span> <span class='ocrx_word' id='word_1_282' title='bbox 641 2011 725 2068; x_wconf 87' lang='lat' dir='ltr'><strong>reete</strong></span> <span class='ocrx_word' id='word_1_283' title='bbox 739 2021 773 2068; x_wconf 91' lang='lat' dir='ltr'><strong>se</strong></span> <span class='ocrx_word' id='word_1_284' title='bbox 789 2005 904 2068; x_wconf 89' lang='lat' dir='ltr'><strong>babent</strong></span> <span class='ocrx_word' id='word_1_285' title='bbox 919 2005 951 2065; x_wconf 90' lang='lat' dir='ltr'><strong>iu</strong></span> <span class='ocrx_word' id='word_1_286' title='bbox 966 2005 1054 2078; x_wconf 86' lang='lat' dir='ltr'><strong>rotis,</strong></span> <span class='ocrx_word' id='word_1_287' title='bbox 1100 2007 1241 2069; x_wconf 81' lang='lat' dir='ltr'><strong>existimo</strong></span> <span class='ocrx_word' id='word_1_288' title='bbox 1257 2013 1358 2069; x_wconf 90' lang='lat' dir='ltr'><strong>tamen</strong></span> <span class='ocrx_word' id='word_1_289' title='bbox 1373 2009 1544 2072; x_wconf 91' lang='lat' dir='ltr'><strong>seeundum</strong></span> <span class='ocrx_word' id='word_1_290' title='bbox 1560 2026 1647 2072; x_wconf 91' lang='lat' dir='ltr'><strong>usum</strong></span> <span class='ocrx_word' id='word_1_291' title='bbox 1671 2009 1830 2074; x_wconf 80' lang='lat' dir='ltr'><strong>Euolesiue</strong></span> <span class='ocrx_word' id='word_1_292' title='bbox 1846 2029 1972 2076; x_wconf 89' lang='lat' dir='ltr'><strong>nomeu</strong></span> <span class='ocrx_word' id='word_1_293' title='bbox 2023 2005 2024 2060; x_wconf 63' lang='grc' dir='ltr'>ἐ</span> 
     </span>
     <span class='ocr_line' id='line_1_22' title="bbox 198 2085 2024 2170; baseline 0.003 -18"><span class='ocrx_word' id='word_1_294' title='bbox 198 2105 278 2170; x_wconf 88' lang='lat' dir='ltr'><strong>quae</strong></span> <span class='ocrx_word' id='word_1_295' title='bbox 293 2087 455 2152; x_wconf 84' lang='lat' dir='ltr'><strong>includunt</strong></span> <span class='ocrx_word' id='word_1_296' title='bbox 476 2085 709 2165; x_wconf 88' lang='lat' dir='ltr'><strong>promissionem</strong></span> <span class='ocrx_word' id='word_1_297' title='bbox 737 2088 851 2151; x_wconf 89' lang='lat' dir='ltr'><strong>homini</strong></span> <span class='ocrx_word' id='word_1_298' title='bbox 883 2087 1000 2148; x_wconf 82' lang='lat' dir='ltr'><strong>munuli</strong></span> <span class='ocrx_word' id='word_1_299' title='bbox 1014 2087 1057 2148; x_wconf 90' lang='lat' dir='ltr'><strong>ta·</strong></span> <span class='ocrx_word' id='word_1_300' title='bbox 1099 2091 1158 2152; x_wconf 84' lang='lat' dir='ltr'><strong>voti</strong></span> <span class='ocrx_word' id='word_1_301' title='bbox 1176 2105 1246 2152; x_wconf 89' lang='lat' dir='ltr'><strong>esse</strong></span> <span class='ocrx_word' id='word_1_302' title='bbox 1261 2092 1418 2168; x_wconf 79' lang='lat' dir='ltr'><strong>generale3</strong></span> <span class='ocrx_word' id='word_1_303' title='bbox 1435 2109 1505 2152; x_wconf 90' lang='lat' dir='ltr'><strong>num</strong></span> <span class='ocrx_word' id='word_1_304' title='bbox 1520 2092 1624 2154; x_wconf 91' lang='lat' dir='ltr'><strong>nullus</strong></span> <span class='ocrx_word' id='word_1_305' title='bbox 1639 2092 1742 2155; x_wconf 85' lang='lat' dir='ltr'><strong>dicere</strong></span> <span class='ocrx_word' id='word_1_306' title='bbox 1755 2094 1903 2169; x_wconf 89' lang='lat' dir='ltr'><strong>auderet,</strong></span> <span class='ocrx_word' id='word_1_307' title='bbox 1924 2113 1971 2157; x_wconf 90' lang='lat' dir='ltr'><strong>sa·</strong></span> <span class='ocrx_word' id='word_1_308' title='bbox 2023 2095 2024 2122; x_wconf 76' lang='lat'>³</span> 
     </span>
     <span class='ocr_line' id='line_1_23' title="bbox 200 2168 1971 2252; baseline 0.003 -18"><span class='ocrx_word' id='word_1_309' title='bbox 200 2179 293 2250; x_wconf 76' lang='lat' dir='ltr'><strong>otam3</strong></span> <span class='ocrx_word' id='word_1_310' title='bbox 309 2189 379 2234; x_wconf 86' lang='lat' dir='ltr'><strong>narn</strong></span> <span class='ocrx_word' id='word_1_311' title='bbox 394 2171 447 2250; x_wconf 92' lang='lat' dir='ltr'><strong>qui</strong></span> <span class='ocrx_word' id='word_1_312' title='bbox 461 2176 546 2232; x_wconf 83' lang='lat' dir='ltr'><strong>toret</strong></span> <span class='ocrx_word' id='word_1_313' title='bbox 561 2168 766 2234; x_wconf 87' lang='lat' dir='ltr'><strong>obedientiam</strong></span> <span class='ocrx_word' id='word_1_314' title='bbox 791 2171 926 2252; x_wconf 87' lang='lat' dir='ltr'><strong>praelatu</strong></span> <span class='ocrx_word' id='word_1_315' title='bbox 951 2183 1056 2232; x_wconf 88' lang='lat' dir='ltr'><strong>rereru</strong></span> <span class='ocrx_word' id='word_1_316' title='bbox 1101 2171 1204 2234; x_wconf 89' lang='lat' dir='ltr'><strong>crilleo</strong></span> <span class='ocrx_word' id='word_1_317' title='bbox 1219 2172 1283 2234; x_wconf 87' lang='lat' dir='ltr'><strong>lieo</strong></span> <span class='ocrx_word' id='word_1_318' title='bbox 1311 2178 1341 2234; x_wconf 90' lang='lat' dir='ltr'><strong>ot</strong></span> <span class='ocrx_word' id='word_1_319' title='bbox 1356 2174 1387 2235; x_wconf 93' lang='lat' dir='ltr'><strong>b.</strong></span> <span class='ocrx_word' id='word_1_320' title='bbox 1403 2174 1523 2250; x_wconf 83' lang='lat' dir='ltr'><strong>llariae3</strong></span> <span class='ocrx_word' id='word_1_321' title='bbox 1537 2175 1584 2236; x_wconf 87' lang='lat' dir='ltr'><strong>rel</strong></span> <span class='ocrx_word' id='word_1_322' title='bbox 1596 2175 1686 2241; x_wconf 90' lang='lat' dir='ltr'><strong>etiam</strong></span> <span class='ocrx_word' id='word_1_323' title='bbox 1701 2171 1855 2245; x_wconf 88' lang='lat' dir='ltr'><strong>absolute,</strong></span> <span class='ocrx_word' id='word_1_324' title='bbox 1868 2181 1971 2240; x_wconf 90' lang='lat' dir='ltr'><strong>saeri-</strong></span> 
     </span>
     <span class='ocr_line' id='line_1_24' title="bbox 200 2251 1971 2334; baseline 0.003 -18"><span class='ocrx_word' id='word_1_325' title='bbox 200 2261 302 2316; x_wconf 83' lang='lat' dir='ltr'><strong>votum</strong></span> <span class='ocrx_word' id='word_1_326' title='bbox 319 2271 380 2317; x_wconf 93' lang='lat' dir='ltr'><strong>non</strong></span> <span class='ocrx_word' id='word_1_327' title='bbox 395 2253 541 2334; x_wconf 91' lang='lat' dir='ltr'><strong>praelato,</strong></span> <span class='ocrx_word' id='word_1_328' title='bbox 557 2251 612 2314; x_wconf 90' lang='lat' dir='ltr'><strong>sed</strong></span> <span class='ocrx_word' id='word_1_329' title='bbox 628 2252 690 2316; x_wconf 88' lang='lat' dir='ltr'><strong>beo</strong></span> <span class='ocrx_word' id='word_1_330' title='bbox 704 2253 786 2326; x_wconf 87' lang='lat' dir='ltr'><strong>feeit,</strong></span> <span class='ocrx_word' id='word_1_331' title='bbox 801 2254 874 2316; x_wconf 88' lang='lat' dir='ltr'><strong>lieet</strong></span> <span class='ocrx_word' id='word_1_332' title='bbox 888 2251 947 2332; x_wconf 89' lang='lat' dir='ltr'><strong>ipsi</strong></span> <span class='ocrx_word' id='word_1_333' title='bbox 970 2266 1057 2330; x_wconf 79' lang='lat' dir='ltr'><strong>prue-</strong></span> <span class='ocrx_word' id='word_1_334' title='bbox 1100 2269 1137 2316; x_wconf 89' lang='lat' dir='ltr'><strong>eo</strong></span> <span class='ocrx_word' id='word_1_335' title='bbox 1152 2253 1309 2331; x_wconf 67' lang='lat' dir='ltr'><strong>bilariam</strong></span> <span class='ocrx_word' id='word_1_336' title='bbox 1325 2261 1356 2316; x_wconf 88' lang='lat' dir='ltr'><strong>at</strong></span> <span class='ocrx_word' id='word_1_337' title='bbox 1371 2262 1471 2318; x_wconf 85' lang='grc' dir='ltr'><strong>ιιιιιιιιι</strong></span> <span class='ocrx_word' id='word_1_338' title='bbox 1484 2256 1625 2333; x_wconf 80' lang='lat' dir='ltr'><strong>dicimus,</strong></span> <span class='ocrx_word' id='word_1_339' title='bbox 1639 2273 1732 2321; x_wconf 89' lang='lat' dir='ltr'><strong>roreo</strong></span> <span class='ocrx_word' id='word_1_340' title='bbox 1743 2257 1807 2322; x_wconf 88' lang='lat' dir='ltr'><strong>Deo</strong></span> <span class='ocrx_word' id='word_1_341' title='bbox 1824 2266 1856 2322; x_wconf 87' lang='lat' dir='ltr'><strong>et</strong></span> <span class='ocrx_word' id='word_1_342' title='bbox 1866 2260 1971 2322; x_wconf 73' lang='lat' dir='ltr'><strong>blla·</strong></span> 
     </span>
     <span class='ocr_line' id='line_1_25' title="bbox 200 2334 1835 2418; baseline 0.002 -18"><span class='ocrx_word' id='word_1_343' title='bbox 200 2339 262 2400; x_wconf 89' lang='lat' dir='ltr'><strong>loto</strong></span> <span class='ocrx_word' id='word_1_344' title='bbox 290 2335 496 2412; x_wconf 85' lang='lat' dir='ltr'><strong>obedientiam</strong></span> <span class='ocrx_word' id='word_1_345' title='bbox 527 2334 689 2414; x_wconf 88' lang='lat' dir='ltr'><strong>promittat,</strong></span> <span class='ocrx_word' id='word_1_346' title='bbox 720 2353 781 2400; x_wconf 90' lang='lat' dir='ltr'><strong>non</strong></span> <span class='ocrx_word' id='word_1_347' title='bbox 810 2336 891 2398; x_wconf 88' lang='lat' dir='ltr'><strong>enim</strong></span> <span class='ocrx_word' id='word_1_348' title='bbox 920 2335 973 2396; x_wconf 94' lang='lat' dir='ltr'><strong>illo</strong></span> <span class='ocrx_word' id='word_1_349' title='bbox 989 2339 1057 2395; x_wconf 90' lang='lat' dir='ltr'><strong>roto</strong></span> <span class='ocrx_word' id='word_1_350' title='bbox 1101 2337 1176 2413; x_wconf 84' lang='lat' dir='ltr'><strong>riae3</strong></span> <span class='ocrx_word' id='word_1_351' title='bbox 1192 2342 1222 2400; x_wconf 88' lang='lat' dir='ltr'><strong>et</strong></span> <span class='ocrx_word' id='word_1_352' title='bbox 1236 2337 1326 2400; x_wconf 90' lang='lat' dir='ltr'><strong>etiam</strong></span> <span class='ocrx_word' id='word_1_353' title='bbox 1342 2338 1535 2418; x_wconf 87' lang='lat' dir='ltr'><strong>simplieiter,</strong></span> <span class='ocrx_word' id='word_1_354' title='bbox 1554 2355 1649 2403; x_wconf 87' lang='lat' dir='ltr'><strong>roaoo</strong></span> <span class='ocrx_word' id='word_1_355' title='bbox 1662 2340 1695 2402; x_wconf 94' lang='lat' dir='ltr'><strong>b.</strong></span> <span class='ocrx_word' id='word_1_356' title='bbox 1711 2340 1835 2404; x_wconf 86' lang='lat' dir='ltr'><strong>llariae.</strong></span> 
     </span>
     <span class='ocr_line' id='line_1_26' title="bbox 199 2415 1971 2503; baseline 0.002 -20"><span class='ocrx_word' id='word_1_357' title='bbox 199 2420 380 2500; x_wconf 87' lang='lat' dir='ltr'><strong>praelatum,</strong></span> <span class='ocrx_word' id='word_1_358' title='bbox 397 2419 452 2481; x_wconf 90' lang='lat' dir='ltr'><strong>sed</strong></span> <span class='ocrx_word' id='word_1_359' title='bbox 467 2415 565 2480; x_wconf 90' lang='lat' dir='ltr'><strong>Deum</strong></span> <span class='ocrx_word' id='word_1_360' title='bbox 580 2419 683 2481; x_wconf 88' lang='lat' dir='ltr'><strong>eolere</strong></span> <span class='ocrx_word' id='word_1_361' title='bbox 699 2424 730 2481; x_wconf 88' lang='lat' dir='ltr'><strong>et</strong></span> <span class='ocrx_word' id='word_1_362' title='bbox 744 2420 894 2482; x_wconf 87' lang='lat' dir='ltr'><strong>bonorare</strong></span> <span class='ocrx_word' id='word_1_363' title='bbox 914 2415 1058 2480; x_wconf 84' lang='lat' dir='ltr'><strong>intendit:</strong></span> <span class='ocrx_word' id='word_1_364' title='bbox 1143 2419 1301 2482; x_wconf 78' lang='lat' dir='ltr'><strong>Praeterea</strong></span> <span class='ocrx_word' id='word_1_365' title='bbox 1323 2436 1438 2484; x_wconf 91' lang='lat' dir='ltr'><strong>nomen</strong></span> <span class='ocrx_word' id='word_1_366' title='bbox 1453 2423 1512 2484; x_wconf 87' lang='lat' dir='ltr'><strong>ruti</strong></span> <span class='ocrx_word' id='word_1_367' title='bbox 1538 2423 1577 2483; x_wconf 92' lang='lat' dir='ltr'><strong>ita</strong></span> <span class='ocrx_word' id='word_1_368' title='bbox 1603 2428 1652 2486; x_wconf 90' lang='lat' dir='ltr'><strong>est</strong></span> <span class='ocrx_word' id='word_1_369' title='bbox 1677 2421 1877 2503; x_wconf 85' lang='lat' dir='ltr'><strong>oonjauetum</strong></span> <span class='ocrx_word' id='word_1_370' title='bbox 1898 2443 1971 2486; x_wconf 90' lang='lat' dir='ltr'><strong>eum</strong></span> 
     </span>
     <span class='ocr_line' id='line_1_27' title="bbox 202 2499 1967 2588; baseline 0.002 -24"><span class='ocrx_word' id='word_1_371' title='bbox 202 2503 343 2566; x_wconf 90' lang='lat' dir='ltr'><strong>similiter</strong></span> <span class='ocrx_word' id='word_1_372' title='bbox 354 2500 407 2580; x_wconf 94' lang='lat' dir='ltr'><strong>qui</strong></span> <span class='ocrx_word' id='word_1_373' title='bbox 421 2505 509 2564; x_wconf 86' lang='lat' dir='ltr'><strong>roret</strong></span> <span class='ocrx_word' id='word_1_374' title='bbox 521 2507 670 2579; x_wconf 92' lang='lat' dir='ltr'><strong>perpetuo</strong></span> <span class='ocrx_word' id='word_1_375' title='bbox 685 2501 859 2565; x_wconf 90' lang='lat' dir='ltr'><strong>ministrare</strong></span> <span class='ocrx_word' id='word_1_376' title='bbox 872 2501 904 2562; x_wconf 91' lang='lat' dir='ltr'><strong>iu</strong></span> <span class='ocrx_word' id='word_1_377' title='bbox 915 2499 1059 2562; x_wconf 84' lang='lat' dir='ltr'><strong>Xenodo·</strong></span> <span class='ocrx_word' id='word_1_378' title='bbox 1102 2502 1228 2564; x_wconf 89' lang='lat' dir='ltr'><strong>nomine</strong></span> <span class='ocrx_word' id='word_1_379' title='bbox 1241 2500 1397 2576; x_wconf 89' lang='lat' dir='ltr'><strong>orationis,</strong></span> <span class='ocrx_word' id='word_1_380' title='bbox 1416 2508 1447 2566; x_wconf 92' lang='lat' dir='ltr'><strong>ot</strong></span> <span class='ocrx_word' id='word_1_381' title='bbox 1461 2519 1571 2584; x_wconf 87' lang='lat' dir='ltr'><strong>graeee</strong></span> <span class='ocrx_word' id='word_1_382' title='bbox 1594 2505 1714 2568; x_wconf 75' lang='lat' dir='ltr'><strong>dieitur</strong></span> <span class='ocrx_word' id='word_1_383' title='bbox 1738 2513 1839 2568; x_wconf 90' lang='lat' dir='ltr'><strong>roturn</strong></span> <span class='ocrx_word' id='word_1_384' title='bbox 1862 2503 1943 2588; x_wconf 77' lang='grc' dir='ltr'><strong>ἑιιχὴ</strong></span> <span class='ocrx_word' id='word_1_385' title='bbox 1959 2555 1967 2582; x_wconf 91' lang='grc'><em>,</em></span> 
     </span>
     <span class='ocr_line' id='line_1_28' title="bbox 201 2580 1968 2669; baseline 0.002 -21"><span class='ocrx_word' id='word_1_386' title='bbox 201 2586 284 2659; x_wconf 86' lang='lat' dir='ltr'><strong>ebio,</strong></span> <span class='ocrx_word' id='word_1_387' title='bbox 299 2586 362 2648; x_wconf 89' lang='lat' dir='ltr'><strong>bau</strong></span> <span class='ocrx_word' id='word_1_388' title='bbox 377 2584 449 2645; x_wconf 82' lang='lat' dir='ltr'><strong>feeit</strong></span> <span class='ocrx_word' id='word_1_389' title='bbox 462 2587 576 2658; x_wconf 89' lang='lat' dir='ltr'><strong>retum,</strong></span> <span class='ocrx_word' id='word_1_390' title='bbox 593 2599 654 2646; x_wconf 92' lang='lat' dir='ltr'><strong>nou</strong></span> <span class='ocrx_word' id='word_1_391' title='bbox 667 2582 879 2654; x_wconf 84' lang='lat' dir='ltr'><strong>lleuodoelrio,</strong></span> <span class='ocrx_word' id='word_1_392' title='bbox 892 2580 1011 2646; x_wconf 89' lang='lat' dir='ltr'><strong>tametsi</strong></span> <span class='ocrx_word' id='word_1_393' title='bbox 1025 2580 1058 2643; x_wconf 93' lang='lat' dir='ltr'><strong>in</strong></span> <span class='ocrx_word' id='word_1_394' title='bbox 1102 2583 1198 2648; x_wconf 90' lang='lat' dir='ltr'><strong>oratio</strong></span> <span class='ocrx_word' id='word_1_395' title='bbox 1212 2600 1283 2646; x_wconf 85' lang='lat' dir='ltr'><strong>roro</strong></span> <span class='ocrx_word' id='word_1_396' title='bbox 1297 2583 1459 2668; x_wconf 67' lang='grc' dir='ltr'><strong>προσευχὴ,</strong></span> <span class='ocrx_word' id='word_1_397' title='bbox 1475 2592 1507 2648; x_wconf 91' lang='lat' dir='ltr'><strong>ut</strong></span> <span class='ocrx_word' id='word_1_398' title='bbox 1522 2592 1604 2649; x_wconf 90' lang='lat' dir='ltr'><strong>notat</strong></span> <span class='ocrx_word' id='word_1_399' title='bbox 1624 2585 1790 2664; x_wconf 81' lang='lat' dir='ltr'><strong>Gregorius</strong></span> <span class='ocrx_word' id='word_1_400' title='bbox 1807 2605 1968 2669; x_wconf 77' lang='lat' dir='ltr'><strong>nyssenus</strong></span> 
     </span>
     <span class='ocr_line' id='line_1_29' title="bbox 203 2663 1966 2747; baseline 0.002 -17"><span class='ocrx_word' id='word_1_401' title='bbox 203 2667 363 2730; x_wconf 84' lang='lat' dir='ltr'><strong>utilitatem</strong></span> <span class='ocrx_word' id='word_1_402' title='bbox 379 2670 410 2728; x_wconf 92' lang='grc' dir='ltr'><strong>ει</strong></span> <span class='ocrx_word' id='word_1_403' title='bbox 423 2664 617 2729; x_wconf 80' lang='lat' dir='ltr'><strong>commodum</strong></span> <span class='ocrx_word' id='word_1_404' title='bbox 631 2665 822 2732; x_wconf 83' lang='lat' dir='ltr'><strong>Xenodoebii</strong></span> <span class='ocrx_word' id='word_1_405' title='bbox 836 2664 937 2728; x_wconf 90' lang='lat' dir='ltr'><strong>faeiat.</strong></span> <span class='ocrx_word' id='word_1_406' title='bbox 956 2666 993 2727; x_wconf 83' lang='lat' dir='ltr'><strong>ut</strong></span> <span class='ocrx_word' id='word_1_407' title='bbox 1006 2663 1059 2744; x_wconf 91' lang='lat' dir='ltr'><strong>qul</strong></span> <span class='ocrx_word' id='word_1_408' title='bbox 1102 2665 1192 2728; x_wconf 71' lang='grc' dir='ltr'><strong>εει.</strong></span> <span class='ocrx_word' id='word_1_409' title='bbox 1207 2664 1239 2728; x_wconf 93' lang='lat' dir='ltr'><strong>iu</strong></span> <span class='ocrx_word' id='word_1_410' title='bbox 1254 2671 1421 2730; x_wconf 90' lang='lat' dir='ltr'><strong>orationem</strong></span> <span class='ocrx_word' id='word_1_411' title='bbox 1436 2668 1633 2747; x_wconf 84' lang='lat' dir='ltr'><strong>dominienm3</strong></span> <span class='ocrx_word' id='word_1_412' title='bbox 1649 2670 1754 2734; x_wconf 85' lang='lat' dir='ltr'><strong>Latine</strong></span> <span class='ocrx_word' id='word_1_413' title='bbox 1768 2677 1871 2734; x_wconf 89' lang='lat' dir='ltr'><strong>autem</strong></span> <span class='ocrx_word' id='word_1_414' title='bbox 1895 2689 1966 2734; x_wconf 88' lang='lat' dir='ltr'><strong>sae-</strong></span> 
     </span>
     <span class='ocr_line' id='line_1_30' title="bbox 203 2747 1967 2831; baseline 0.003 -19"><span class='ocrx_word' id='word_1_415' title='bbox 203 2755 291 2812; x_wconf 86' lang='grc' dir='ltr'><strong>ιοιει</strong></span> <span class='ocrx_word' id='word_1_416' title='bbox 303 2748 455 2831; x_wconf 76' lang='lat' dir='ltr'><strong>ieiunium</strong></span> <span class='ocrx_word' id='word_1_417' title='bbox 470 2747 518 2812; x_wconf 86' lang='lat' dir='ltr'><strong>rel</strong></span> <span class='ocrx_word' id='word_1_418' title='bbox 532 2749 808 2830; x_wconf 84' lang='lat' dir='ltr'><strong>peregrinationem</strong></span> <span class='ocrx_word' id='word_1_419' title='bbox 822 2749 948 2823; x_wconf 89' lang='lat' dir='ltr'><strong>sanetis,</strong></span> <span class='ocrx_word' id='word_1_420' title='bbox 974 2748 1060 2827; x_wconf 87' lang='lat' dir='ltr'><strong>ipsos</strong></span> <span class='ocrx_word' id='word_1_421' title='bbox 1104 2748 1231 2827; x_wconf 89' lang='lat' dir='ltr'><strong>pissime</strong></span> <span class='ocrx_word' id='word_1_422' title='bbox 1245 2749 1393 2828; x_wconf 90' lang='lat' dir='ltr'><strong>aooipitur</strong></span> <span class='ocrx_word' id='word_1_423' title='bbox 1407 2757 1506 2814; x_wconf 89' lang='lat' dir='ltr'><strong>ratum</strong></span> <span class='ocrx_word' id='word_1_424' title='bbox 1523 2767 1578 2830; x_wconf 93' lang='lat' dir='ltr'><strong>pro</strong></span> <span class='ocrx_word' id='word_1_425' title='bbox 1592 2753 1741 2816; x_wconf 90' lang='lat' dir='ltr'><strong>oratione.</strong></span> <span class='ocrx_word' id='word_1_426' title='bbox 1758 2753 1794 2815; x_wconf 83' lang='lat' dir='ltr'><strong>lit</strong></span> <span class='ocrx_word' id='word_1_427' title='bbox 1811 2756 1890 2816; x_wconf 86' lang='lat' dir='ltr'><strong>ratio</strong></span> <span class='ocrx_word' id='word_1_428' title='bbox 1907 2760 1967 2820; x_wconf 89' lang='grc' dir='ltr'><strong>εει.</strong></span> 
     </span>
     <span class='ocr_line' id='line_1_31' title="bbox 204 2827 1966 2914; baseline 0.002 -20"><span class='ocrx_word' id='word_1_429' title='bbox 204 2837 328 2895; x_wconf 89' lang='lat' dir='ltr'><strong>sanetas</strong></span> <span class='ocrx_word' id='word_1_430' title='bbox 343 2830 488 2910; x_wconf 84' lang='lat' dir='ltr'><strong>religiose</strong></span> <span class='ocrx_word' id='word_1_431' title='bbox 501 2830 652 2896; x_wconf 89' lang='lat' dir='ltr'><strong>bonorare</strong></span> <span class='ocrx_word' id='word_1_432' title='bbox 680 2834 822 2898; x_wconf 88' lang='lat' dir='ltr'><strong>intendit.</strong></span> <span class='ocrx_word' id='word_1_433' title='bbox 844 2827 881 2894; x_wconf 82' lang='lat' dir='ltr'><strong>Et</strong></span> <span class='ocrx_word' id='word_1_434' title='bbox 904 2836 1060 2910; x_wconf 85' lang='lat' dir='ltr'><strong>praeterea</strong></span> <span class='ocrx_word' id='word_1_435' title='bbox 1103 2831 1172 2909; x_wconf 91' lang='lat' dir='ltr'><strong>quia</strong></span> <span class='ocrx_word' id='word_1_436' title='bbox 1188 2838 1220 2894; x_wconf 88' lang='lat' dir='ltr'><strong>ut</strong></span> <span class='ocrx_word' id='word_1_437' title='bbox 1234 2831 1349 2894; x_wconf 89' lang='lat' dir='ltr'><strong>ibidem</strong></span> <span class='ocrx_word' id='word_1_438' title='bbox 1363 2833 1453 2896; x_wconf 92' lang='lat' dir='ltr'><strong>doeet</strong></span> <span class='ocrx_word' id='word_1_439' title='bbox 1466 2830 1633 2914; x_wconf 76' lang='lat' dir='ltr'><strong>Npsseous,</strong></span> <span class='ocrx_word' id='word_1_440' title='bbox 1648 2844 1713 2896; x_wconf 88' lang='lat' dir='ltr'><strong>roto</strong></span> <span class='ocrx_word' id='word_1_441' title='bbox 1729 2837 1914 2898; x_wconf 87' lang='lat' dir='ltr'><strong>ordinantur</strong></span> <span class='ocrx_word' id='word_1_442' title='bbox 1927 2839 1966 2898; x_wconf 87' lang='lat' dir='ltr'><strong>ad</strong></span> 
     </span>
     <span class='ocr_line' id='line_1_32' title="bbox 205 2912 1966 2998; baseline 0.002 -21"><span class='ocrx_word' id='word_1_443' title='bbox 205 2913 502 2994; x_wconf 77' lang='lat' dir='ltr'><strong>Caietaausiueum</strong></span> <span class='ocrx_word' id='word_1_444' title='bbox 529 2912 688 2981; x_wconf 86' lang='lat' dir='ltr'><strong>articulum</strong></span> <span class='ocrx_word' id='word_1_445' title='bbox 704 2916 736 2980; x_wconf 91' lang='lat' dir='ltr'><strong>b.</strong></span> <span class='ocrx_word' id='word_1_446' title='bbox 764 2912 873 2980; x_wconf 83' lang='lat' dir='ltr'><strong>Thom.</strong></span> <span class='ocrx_word' id='word_1_447' title='bbox 901 2913 1061 2992; x_wconf 74' lang='lat' dir='ltr'><strong>probaret</strong></span> <span class='ocrx_word' id='word_1_448' title='bbox 1104 2913 1530 2993; x_wconf 70' lang='lat' dir='ltr'><strong>oratiouempsolenusenin</strong></span> <span class='ocrx_word' id='word_1_449' title='bbox 1556 2933 1625 2980; x_wconf 91' lang='lat' dir='ltr'><strong>euru</strong></span> <span class='ocrx_word' id='word_1_450' title='bbox 1653 2915 1816 2998; x_wconf 89' lang='lat' dir='ltr'><strong>impetrare</strong></span> <span class='ocrx_word' id='word_1_451' title='bbox 1845 2920 1966 2994; x_wconf 82' lang='lat' dir='ltr'><strong>aliquid</strong></span> 
     </span>
     <span class='ocr_line' id='line_1_33' title="bbox 206 2994 1966 3080; baseline 0.004 -22"><span class='ocrx_word' id='word_1_452' title='bbox 206 2999 272 3077; x_wconf 89' lang='lat' dir='ltr'><strong>ipsa</strong></span> <span class='ocrx_word' id='word_1_453' title='bbox 285 2995 477 3076; x_wconf 72' lang='lat' dir='ltr'><strong>professione</strong></span> <span class='ocrx_word' id='word_1_454' title='bbox 491 2994 614 3060; x_wconf 91' lang='lat' dir='ltr'><strong>fratrum</strong></span> <span class='ocrx_word' id='word_1_455' title='bbox 631 2999 884 3080; x_wconf 84' lang='lat' dir='ltr'><strong>praedieatorum,</strong></span> <span class='ocrx_word' id='word_1_456' title='bbox 901 3001 967 3058; x_wconf 88' lang='lat' dir='ltr'><strong>rota</strong></span> <span class='ocrx_word' id='word_1_457' title='bbox 989 3009 1061 3058; x_wconf 87' lang='lat' dir='ltr'><strong>rere</strong></span> <span class='ocrx_word' id='word_1_458' title='bbox 1103 2998 1254 3071; x_wconf 81' lang='lat' dir='ltr'><strong>nolumus,</strong></span> <span class='ocrx_word' id='word_1_459' title='bbox 1277 2997 1362 3076; x_wconf 89' lang='lat' dir='ltr'><strong>prius</strong></span> <span class='ocrx_word' id='word_1_460' title='bbox 1376 2997 1452 3060; x_wconf 88' lang='lat' dir='ltr'><strong>rotis</strong></span> <span class='ocrx_word' id='word_1_461' title='bbox 1466 2998 1630 3062; x_wconf 84' lang='lat' dir='ltr'><strong>oonsiliare</strong></span> <span class='ocrx_word' id='word_1_462' title='bbox 1651 3015 1741 3070; x_wconf 87' lang='lat' dir='ltr'><strong>eum,</strong></span> <span class='ocrx_word' id='word_1_463' title='bbox 1767 3016 1864 3080; x_wconf 90' lang='lat' dir='ltr'><strong>aquo</strong></span> <span class='ocrx_word' id='word_1_464' title='bbox 1878 3002 1966 3065; x_wconf 85' lang='lat' dir='ltr'><strong>rolu-</strong></span> 
     </span>
     <span class='ocr_line' id='line_1_34' title="bbox 204 3073 1967 3160; baseline 0.003 -20"><span class='ocrx_word' id='word_1_465' title='bbox 204 3078 271 3142; x_wconf 90' lang='lat' dir='ltr'><strong>lleri</strong></span> <span class='ocrx_word' id='word_1_466' title='bbox 286 3078 411 3142; x_wconf 86' lang='lat' dir='ltr'><strong>sanetis:</strong></span> <span class='ocrx_word' id='word_1_467' title='bbox 428 3078 499 3142; x_wconf 87' lang='grc' dir='ltr'><strong>ιιιιιι</strong></span> <span class='ocrx_word' id='word_1_468' title='bbox 514 3077 586 3144; x_wconf 89' lang='lat' dir='ltr'><strong>dour</strong></span> <span class='ocrx_word' id='word_1_469' title='bbox 611 3081 801 3160; x_wconf 89' lang='lat' dir='ltr'><strong>profitentur,</strong></span> <span class='ocrx_word' id='word_1_470' title='bbox 827 3080 943 3143; x_wconf 85' lang='lat' dir='ltr'><strong>dieunt:</strong></span> <span class='ocrx_word' id='word_1_471' title='bbox 962 3073 1060 3144; x_wconf 77' lang='lat' dir='ltr'><strong>roseo</strong></span> <span class='ocrx_word' id='word_1_472' title='bbox 1103 3093 1173 3140; x_wconf 92' lang='lat' dir='ltr'><strong>mus</strong></span> <span class='ocrx_word' id='word_1_473' title='bbox 1188 3085 1305 3157; x_wconf 90' lang='lat' dir='ltr'><strong>petere,</strong></span> <span class='ocrx_word' id='word_1_474' title='bbox 1321 3080 1550 3160; x_wconf 88' lang='lat' dir='ltr'><strong>deindopetere</strong></span> <span class='ocrx_word' id='word_1_475' title='bbox 1562 3081 1603 3156; x_wconf 89' lang='lat' dir='ltr'><strong>id,</strong></span> <span class='ocrx_word' id='word_1_476' title='bbox 1619 3083 1698 3159; x_wconf 93' lang='lat' dir='ltr'><strong>quod</strong></span> <span class='ocrx_word' id='word_1_477' title='bbox 1710 3083 1863 3146; x_wconf 82' lang='lat' dir='ltr'><strong>volumus.</strong></span> <span class='ocrx_word' id='word_1_478' title='bbox 1878 3083 1967 3147; x_wconf 88' lang='lat' dir='ltr'><strong>Unde</strong></span> 
     </span>
     <span class='ocr_line' id='line_1_35' title="bbox 202 3159 1962 3244; baseline 0.002 -17"><span class='ocrx_word' id='word_1_479' title='bbox 202 3163 281 3236; x_wconf 83' lang='lat' dir='ltr'><strong>lieo,</strong></span> <span class='ocrx_word' id='word_1_480' title='bbox 298 3166 328 3225; x_wconf 90' lang='grc' dir='ltr'><strong>ει</strong></span> <span class='ocrx_word' id='word_1_481' title='bbox 341 3161 371 3224; x_wconf 92' lang='lat' dir='ltr'><strong>b.</strong></span> <span class='ocrx_word' id='word_1_482' title='bbox 386 3160 518 3235; x_wconf 83' lang='lat' dir='ltr'><strong>Mariae,</strong></span> <span class='ocrx_word' id='word_1_483' title='bbox 532 3164 719 3229; x_wconf 81' lang='lat' dir='ltr'><strong>elamoribus</strong></span> <span class='ocrx_word' id='word_1_484' title='bbox 746 3159 877 3234; x_wconf 83' lang='lat' dir='ltr'><strong>sanetis,</strong></span> <span class='ocrx_word' id='word_1_485' title='bbox 901 3176 953 3224; x_wconf 87' lang='lat' dir='ltr'><strong>me</strong></span> <span class='ocrx_word' id='word_1_486' title='bbox 965 3176 1061 3241; x_wconf 88' lang='lat' dir='ltr'><strong>proe-</strong></span> <span class='ocrx_word' id='word_1_487' title='bbox 1104 3167 1152 3224; x_wconf 89' lang='lat' dir='ltr'><strong>est</strong></span> <span class='ocrx_word' id='word_1_488' title='bbox 1164 3160 1239 3225; x_wconf 92' lang='lat' dir='ltr'><strong>illud</strong></span> <span class='ocrx_word' id='word_1_489' title='bbox 1254 3161 1452 3226; x_wconf 69' lang='lat' dir='ltr'><strong>tideneidos:</strong></span> <span class='ocrx_word' id='word_1_490' title='bbox 1465 3162 1962 3244; x_wconf 61' lang='lat' dir='ltr'><strong>nonmeersustouotamreeos·</strong></span> 
     </span>
     <span class='ocr_line' id='line_1_36' title="bbox 207 3241 1963 3326; baseline 0.001 -18"><span class='ocrx_word' id='word_1_491' title='bbox 207 3246 271 3308; x_wconf 87' lang='lat' dir='ltr'><strong>toto</strong></span> <span class='ocrx_word' id='word_1_492' title='bbox 286 3245 345 3307; x_wconf 82' lang='lat' dir='ltr'><strong>toli</strong></span> <span class='ocrx_word' id='word_1_493' title='bbox 358 3242 409 3307; x_wconf 87' lang='lat' dir='ltr'><strong>uel</strong></span> <span class='ocrx_word' id='word_1_494' title='bbox 422 3243 481 3308; x_wconf 87' lang='grc' dir='ltr'><strong>ιαιι</strong></span> <span class='ocrx_word' id='word_1_495' title='bbox 494 3243 710 3323; x_wconf 76' lang='lat' dir='ltr'><strong>obedituram,</strong></span> <span class='ocrx_word' id='word_1_496' title='bbox 725 3247 778 3311; x_wconf 90' lang='lat' dir='ltr'><strong>ubi</strong></span> <span class='ocrx_word' id='word_1_497' title='bbox 793 3262 832 3310; x_wconf 83' lang='grc' dir='ltr'><strong>ει</strong></span> <span class='ocrx_word' id='word_1_498' title='bbox 846 3241 965 3308; x_wconf 83' lang='grc' dir='ltr'><strong>ιιιιιιιιε</strong></span> <span class='ocrx_word' id='word_1_499' title='bbox 989 3259 1063 3326; x_wconf 89' lang='lat' dir='ltr'><strong>pro·</strong></span> <span class='ocrx_word' id='word_1_500' title='bbox 1104 3246 1185 3324; x_wconf 74' lang='lat' dir='ltr'><strong>qoel</strong></span> <span class='ocrx_word' id='word_1_501' title='bbox 1210 3244 1294 3306; x_wconf 86' lang='lat' dir='ltr'><strong>Siout</strong></span> <span class='ocrx_word' id='word_1_502' title='bbox 1307 3260 1381 3323; x_wconf 90' lang='lat' dir='ltr'><strong>ergo</strong></span> <span class='ocrx_word' id='word_1_503' title='bbox 1395 3245 1541 3308; x_wconf 85' lang='lat' dir='ltr'><strong>orationis</strong></span> <span class='ocrx_word' id='word_1_504' title='bbox 1555 3263 1665 3309; x_wconf 90' lang='lat' dir='ltr'><strong>nomeu</strong></span> <span class='ocrx_word' id='word_1_505' title='bbox 1683 3263 1743 3308; x_wconf 90' lang='lat' dir='ltr'><strong>nou</strong></span> <span class='ocrx_word' id='word_1_506' title='bbox 1769 3247 1871 3310; x_wconf 91' lang='lat' dir='ltr'><strong>solum</strong></span> <span class='ocrx_word' id='word_1_507' title='bbox 1886 3249 1963 3310; x_wconf 89' lang='lat' dir='ltr'><strong>dici·</strong></span> 
     </span>
     <span class='ocr_line' id='line_1_37' title="bbox 207 3324 1963 3410; baseline 0.002 -21"><span class='ocrx_word' id='word_1_508' title='bbox 207 3325 407 3390; x_wconf 88' lang='lat' dir='ltr'><strong>missionibus</strong></span> <span class='ocrx_word' id='word_1_509' title='bbox 422 3343 481 3390; x_wconf 92' lang='lat' dir='ltr'><strong>una</strong></span> <span class='ocrx_word' id='word_1_510' title='bbox 496 3327 636 3410; x_wconf 86' lang='lat' dir='ltr'><strong>dirigitur</strong></span> <span class='ocrx_word' id='word_1_511' title='bbox 647 3329 684 3393; x_wconf 90' lang='lat' dir='ltr'><strong>ad</strong></span> <span class='ocrx_word' id='word_1_512' title='bbox 700 3330 880 3409; x_wconf 87' lang='lat' dir='ltr'><strong>praelatum,</strong></span> <span class='ocrx_word' id='word_1_513' title='bbox 897 3331 927 3390; x_wconf 92' lang='lat' dir='ltr'><strong>et</strong></span> <span class='ocrx_word' id='word_1_514' title='bbox 951 3324 1062 3390; x_wconf 85' lang='lat' dir='ltr'><strong>illaesi</strong></span> <span class='ocrx_word' id='word_1_515' title='bbox 1104 3333 1152 3389; x_wconf 91' lang='lat' dir='ltr'><strong>tur</strong></span> <span class='ocrx_word' id='word_1_516' title='bbox 1166 3327 1205 3389; x_wconf 93' lang='lat' dir='ltr'><strong>de</strong></span> <span class='ocrx_word' id='word_1_517' title='bbox 1221 3327 1271 3388; x_wconf 89' lang='lat' dir='ltr'><strong>illa</strong></span> <span class='ocrx_word' id='word_1_518' title='bbox 1286 3327 1444 3406; x_wconf 86' lang='lat' dir='ltr'><strong>petitione,</strong></span> <span class='ocrx_word' id='word_1_519' title='bbox 1461 3345 1520 3406; x_wconf 90' lang='lat' dir='ltr'><strong>qua</strong></span> <span class='ocrx_word' id='word_1_520' title='bbox 1533 3345 1548 3389; x_wconf 94' lang='lat' dir='ltr'><strong>a</strong></span> <span class='ocrx_word' id='word_1_521' title='bbox 1563 3327 1626 3392; x_wconf 85' lang='lat' dir='ltr'><strong>llao</strong></span> <span class='ocrx_word' id='word_1_522' title='bbox 1638 3330 1829 3409; x_wconf 87' lang='lat' dir='ltr'><strong>postulamus</strong></span> <span class='ocrx_word' id='word_1_523' title='bbox 1844 3329 1963 3393; x_wconf 83' lang='lat' dir='ltr'><strong>bened·</strong></span> 
     </span>
     <span class='ocr_line' id='line_1_38' title="bbox 207 3408 1963 3491; baseline 0.002 -19"><span class='ocrx_word' id='word_1_524' title='bbox 207 3408 420 3486; x_wconf 65' lang='lat' dir='ltr'><strong>materiarum</strong></span> <span class='ocrx_word' id='word_1_525' title='bbox 436 3410 527 3473; x_wconf 87' lang='grc' dir='ltr'><strong>ιιιειι</strong></span> <span class='ocrx_word' id='word_1_526' title='bbox 543 3427 621 3491; x_wconf 89' lang='lat' dir='ltr'><strong>quae</strong></span> <span class='ocrx_word' id='word_1_527' title='bbox 640 3417 689 3476; x_wconf 90' lang='lat' dir='ltr'><strong>est</strong></span> <span class='ocrx_word' id='word_1_528' title='bbox 713 3411 879 3476; x_wconf 85' lang='lat' dir='ltr'><strong>formaliter</strong></span> <span class='ocrx_word' id='word_1_529' title='bbox 905 3414 1006 3472; x_wconf 85' lang='lat' dir='ltr'><strong>notura</strong></span> <span class='ocrx_word' id='word_1_530' title='bbox 1021 3411 1060 3474; x_wconf 92' lang='lat' dir='ltr'><strong>ad</strong></span> <span class='ocrx_word' id='word_1_531' title='bbox 1104 3410 1162 3478; x_wconf 89' lang='lat' dir='ltr'><strong>oia.</strong></span> <span class='ocrx_word' id='word_1_532' title='bbox 1178 3423 1319 3488; x_wconf 88' lang='lat' dir='ltr'><strong>quaeque</strong></span> <span class='ocrx_word' id='word_1_533' title='bbox 1333 3417 1380 3472; x_wconf 88' lang='lat' dir='ltr'><strong>est</strong></span> <span class='ocrx_word' id='word_1_534' title='bbox 1394 3416 1480 3472; x_wconf 88' lang='lat' dir='ltr'><strong>aetus</strong></span> <span class='ocrx_word' id='word_1_535' title='bbox 1495 3411 1610 3487; x_wconf 73' lang='lat' dir='ltr'><strong>latriam</strong></span> <span class='ocrx_word' id='word_1_536' title='bbox 1634 3412 1689 3474; x_wconf 90' lang='lat' dir='ltr'><strong>sed</strong></span> <span class='ocrx_word' id='word_1_537' title='bbox 1715 3412 1807 3474; x_wconf 86' lang='lat' dir='ltr'><strong>etiam</strong></span> <span class='ocrx_word' id='word_1_538' title='bbox 1833 3411 1872 3475; x_wconf 89' lang='lat' dir='ltr'><strong>do</strong></span> <span class='ocrx_word' id='word_1_539' title='bbox 1886 3412 1963 3487; x_wconf 90' lang='lat' dir='ltr'><strong>illa,</strong></span> 
     </span>
     <span class='ocr_line' id='line_1_39' title="bbox 208 3491 1962 3574; baseline 0.002 -20"><span class='ocrx_word' id='word_1_540' title='bbox 208 3493 315 3567; x_wconf 85' lang='lat' dir='ltr'><strong>baum,</strong></span> <span class='ocrx_word' id='word_1_541' title='bbox 333 3499 364 3554; x_wconf 89' lang='lat' dir='ltr'><strong>et</strong></span> <span class='ocrx_word' id='word_1_542' title='bbox 377 3500 499 3556; x_wconf 84' lang='lat' dir='ltr'><strong>sanctos</strong></span> <span class='ocrx_word' id='word_1_543' title='bbox 514 3493 617 3557; x_wconf 91' lang='lat' dir='ltr'><strong>simul.</strong></span> <span class='ocrx_word' id='word_1_544' title='bbox 633 3494 794 3574; x_wconf 76' lang='lat' dir='ltr'><strong>cajetanus</strong></span> <span class='ocrx_word' id='word_1_545' title='bbox 806 3491 899 3574; x_wconf 90' lang='lat' dir='ltr'><strong>igitur</strong></span> <span class='ocrx_word' id='word_1_546' title='bbox 912 3492 1010 3555; x_wconf 90' lang='lat' dir='ltr'><strong>adfert</strong></span> <span class='ocrx_word' id='word_1_547' title='bbox 1029 3510 1061 3556; x_wconf 88' lang='lat' dir='ltr'><strong>a·</strong></span> <span class='ocrx_word' id='word_1_548' title='bbox 1104 3507 1163 3568; x_wconf 92' lang='lat' dir='ltr'><strong>qua</strong></span> <span class='ocrx_word' id='word_1_549' title='bbox 1179 3494 1367 3570; x_wconf 89' lang='lat' dir='ltr'><strong>postulamus</strong></span> <span class='ocrx_word' id='word_1_550' title='bbox 1381 3509 1397 3554; x_wconf 91' lang='lat' dir='ltr'><strong>a</strong></span> <span class='ocrx_word' id='word_1_551' title='bbox 1412 3492 1526 3554; x_wconf 89' lang='lat' dir='ltr'><strong>sanetis</strong></span> <span class='ocrx_word' id='word_1_552' title='bbox 1542 3537 1550 3567; x_wconf 94' lang='lat'><strong>,</strong></span> <span class='ocrx_word' id='word_1_553' title='bbox 1579 3500 1612 3555; x_wconf 89' lang='lat' dir='ltr'><strong>ut</strong></span> <span class='ocrx_word' id='word_1_554' title='bbox 1633 3499 1767 3557; x_wconf 89' lang='lat' dir='ltr'><strong>nostram</strong></span> <span class='ocrx_word' id='word_1_555' title='bbox 1790 3495 1962 3558; x_wconf 87' lang='lat' dir='ltr'><strong>orationem</strong></span> 
     </span>
     <span class='ocr_line' id='line_1_40' title="bbox 213 3572 1965 3654; baseline 0.002 -18"><span class='ocrx_word' id='word_1_556' title='bbox 213 3576 281 3638; x_wconf 85' lang='lat' dir='ltr'><strong>tiam</strong></span> <span class='ocrx_word' id='word_1_557' title='bbox 298 3574 494 3646; x_wconf 87' lang='lat' dir='ltr'><strong>solutionem,</strong></span> <span class='ocrx_word' id='word_1_558' title='bbox 510 3591 546 3638; x_wconf 89' lang='lat' dir='ltr'><strong>ae</strong></span> <span class='ocrx_word' id='word_1_559' title='bbox 560 3575 634 3640; x_wconf 89' lang='grc' dir='ltr'><strong>ιιειι</strong></span> <span class='ocrx_word' id='word_1_560' title='bbox 647 3585 714 3641; x_wconf 89' lang='grc' dir='ltr'><strong>ιοιι</strong></span> <span class='ocrx_word' id='word_1_561' title='bbox 727 3577 794 3642; x_wconf 87' lang='lat' dir='ltr'><strong>fleri</strong></span> <span class='ocrx_word' id='word_1_562' title='bbox 809 3575 935 3650; x_wconf 87' lang='lat' dir='ltr'><strong>sanetis,</strong></span> <span class='ocrx_word' id='word_1_563' title='bbox 952 3590 1013 3638; x_wconf 91' lang='lat' dir='ltr'><strong>nou</strong></span> <span class='ocrx_word' id='word_1_564' title='bbox 1028 3582 1062 3640; x_wconf 89' lang='lat' dir='ltr'><strong>ut</strong></span> <span class='ocrx_word' id='word_1_565' title='bbox 1102 3572 1220 3654; x_wconf 87' lang='lat' dir='ltr'><strong>jurent.</strong></span> <span class='ocrx_word' id='word_1_566' title='bbox 1233 3575 1487 3651; x_wconf 87' lang='lat' dir='ltr'><strong>quamlundimus</strong></span> <span class='ocrx_word' id='word_1_567' title='bbox 1500 3575 1538 3636; x_wconf 90' lang='lat' dir='ltr'><strong>ad</strong></span> <span class='ocrx_word' id='word_1_568' title='bbox 1553 3576 1661 3639; x_wconf 86' lang='lat' dir='ltr'><strong>baum:</strong></span> <span class='ocrx_word' id='word_1_569' title='bbox 1676 3578 1716 3639; x_wconf 89' lang='lat' dir='ltr'><strong>ita</strong></span> <span class='ocrx_word' id='word_1_570' title='bbox 1732 3577 1821 3640; x_wconf 89' lang='lat' dir='ltr'><strong>etiam</strong></span> <span class='ocrx_word' id='word_1_571' title='bbox 1833 3577 1891 3639; x_wconf 87' lang='grc' dir='ltr'><strong>ιοιι</strong></span> <span class='ocrx_word' id='word_1_572' title='bbox 1908 3595 1965 3639; x_wconf 89' lang='lat' dir='ltr'><strong>no-</strong></span> 
     </span>
     <span class='ocr_line' id='line_1_41' title="bbox 210 3656 1968 3740; baseline 0.001 -20"><span class='ocrx_word' id='word_1_573' title='bbox 210 3664 283 3721; x_wconf 90' lang='lat' dir='ltr'><strong>sunt</strong></span> <span class='ocrx_word' id='word_1_574' title='bbox 296 3663 451 3722; x_wconf 81' lang='lat' dir='ltr'><strong>creaturae</strong></span> <span class='ocrx_word' id='word_1_575' title='bbox 466 3661 613 3736; x_wconf 89' lang='lat' dir='ltr'><strong>quaedam</strong></span> <span class='ocrx_word' id='word_1_576' title='bbox 625 3659 751 3725; x_wconf 90' lang='lat' dir='ltr'><strong>rationis</strong></span> <span class='ocrx_word' id='word_1_577' title='bbox 765 3658 941 3740; x_wconf 82' lang='lat' dir='ltr'><strong>participes,</strong></span> <span class='ocrx_word' id='word_1_578' title='bbox 957 3657 1012 3722; x_wconf 89' lang='lat' dir='ltr'><strong>sed</strong></span> <span class='ocrx_word' id='word_1_579' title='bbox 1029 3666 1062 3722; x_wconf 86' lang='lat' dir='ltr'><strong>ut</strong></span> <span class='ocrx_word' id='word_1_580' title='bbox 1105 3672 1175 3718; x_wconf 87' lang='lat' dir='ltr'><strong>men</strong></span> <span class='ocrx_word' id='word_1_581' title='bbox 1204 3672 1264 3719; x_wconf 92' lang='lat' dir='ltr'><strong>non</strong></span> <span class='ocrx_word' id='word_1_582' title='bbox 1287 3656 1387 3720; x_wconf 89' lang='lat' dir='ltr'><strong>solum</strong></span> <span class='ocrx_word' id='word_1_583' title='bbox 1403 3658 1564 3720; x_wconf 90' lang='lat' dir='ltr'><strong>eoureniat</strong></span> <span class='ocrx_word' id='word_1_584' title='bbox 1587 3659 1802 3739; x_wconf 88' lang='lat' dir='ltr'><strong>promissioni,</strong></span> <span class='ocrx_word' id='word_1_585' title='bbox 1827 3675 1903 3737; x_wconf 87' lang='lat' dir='ltr'><strong>quae</strong></span> <span class='ocrx_word' id='word_1_586' title='bbox 1932 3660 1968 3722; x_wconf 89' lang='lat' dir='ltr'><strong>fit</strong></span> 
     </span>
     <span class='ocr_line' id='line_1_42' title="bbox 210 3737 1965 3823; baseline 0.001 -21"><span class='ocrx_word' id='word_1_587' title='bbox 210 3741 241 3803; x_wconf 92' lang='lat' dir='ltr'><strong>in</strong></span> <span class='ocrx_word' id='word_1_588' title='bbox 257 3741 302 3803; x_wconf 91' lang='lat' dir='ltr'><strong>eis</strong></span> <span class='ocrx_word' id='word_1_589' title='bbox 317 3740 399 3803; x_wconf 85' lang='lat' dir='ltr'><strong>lleus</strong></span> <span class='ocrx_word' id='word_1_590' title='bbox 413 3741 527 3804; x_wconf 88' lang='lat' dir='ltr'><strong>habitat</strong></span> <span class='ocrx_word' id='word_1_591' title='bbox 537 3758 594 3823; x_wconf 93' lang='lat' dir='ltr'><strong>por</strong></span> <span class='ocrx_word' id='word_1_592' title='bbox 605 3743 750 3822; x_wconf 88' lang='lat' dir='ltr'><strong>gloriam.</strong></span> <span class='ocrx_word' id='word_1_593' title='bbox 766 3743 806 3805; x_wconf 89' lang='lat' dir='ltr'><strong>ita</strong></span> <span class='ocrx_word' id='word_1_594' title='bbox 821 3747 853 3803; x_wconf 94' lang='lat' dir='ltr'><strong>ut</strong></span> <span class='ocrx_word' id='word_1_595' title='bbox 867 3749 955 3816; x_wconf 87' lang='lat' dir='ltr'><strong>rota,</strong></span> <span class='ocrx_word' id='word_1_596' title='bbox 983 3755 1061 3817; x_wconf 88' lang='lat' dir='ltr'><strong>quae</strong></span> <span class='ocrx_word' id='word_1_597' title='bbox 1103 3737 1323 3819; x_wconf 70' lang='lat' dir='ltr'><strong>Romanaeque</strong></span> <span class='ocrx_word' id='word_1_598' title='bbox 1334 3743 1382 3802; x_wconf 89' lang='lat' dir='ltr'><strong>est</strong></span> <span class='ocrx_word' id='word_1_599' title='bbox 1392 3745 1477 3802; x_wconf 89' lang='lat' dir='ltr'><strong>aetus</strong></span> <span class='ocrx_word' id='word_1_600' title='bbox 1488 3741 1662 3808; x_wconf 82' lang='lat' dir='ltr'><strong>latriae.aed</strong></span> <span class='ocrx_word' id='word_1_601' title='bbox 1675 3739 1965 3822; x_wconf 84' lang='lat' dir='ltr'><strong>promissioni,quee</strong></span> 
     </span>
     <span class='ocr_line' id='line_1_43' title="bbox 209 3819 1967 3903; baseline 0 -16"><span class='ocrx_word' id='word_1_602' title='bbox 209 3821 275 3887; x_wconf 88' lang='lat' dir='ltr'><strong>fleri</strong></span> <span class='ocrx_word' id='word_1_603' title='bbox 290 3823 434 3886; x_wconf 89' lang='lat' dir='ltr'><strong>dieantur</strong></span> <span class='ocrx_word' id='word_1_604' title='bbox 446 3826 573 3901; x_wconf 89' lang='lat' dir='ltr'><strong>sanetis,</strong></span> <span class='ocrx_word' id='word_1_605' title='bbox 584 3824 658 3889; x_wconf 88' lang='lat' dir='ltr'><strong>flent</strong></span> <span class='ocrx_word' id='word_1_606' title='bbox 672 3825 735 3888; x_wconf 83' lang='lat' dir='ltr'><strong>beo</strong></span> <span class='ocrx_word' id='word_1_607' title='bbox 747 3824 777 3888; x_wconf 90' lang='lat' dir='ltr'><strong>in</strong></span> <span class='ocrx_word' id='word_1_608' title='bbox 793 3823 918 3888; x_wconf 85' lang='lat' dir='ltr'><strong>sanetis:</strong></span> <span class='ocrx_word' id='word_1_609' title='bbox 935 3838 1060 3900; x_wconf 83' lang='lat' dir='ltr'><strong>quomo·</strong></span> <span class='ocrx_word' id='word_1_610' title='bbox 1104 3819 1137 3883; x_wconf 89' lang='lat' dir='ltr'><strong>fit</strong></span> <span class='ocrx_word' id='word_1_611' title='bbox 1152 3822 1276 3892; x_wconf 88' lang='lat' dir='ltr'><strong>sanetis,</strong></span> <span class='ocrx_word' id='word_1_612' title='bbox 1288 3827 1408 3902; x_wconf 87' lang='lat' dir='ltr'><strong>atquae</strong></span> <span class='ocrx_word' id='word_1_613' title='bbox 1421 3839 1480 3884; x_wconf 92' lang='lat' dir='ltr'><strong>uon</strong></span> <span class='ocrx_word' id='word_1_614' title='bbox 1497 3829 1543 3885; x_wconf 90' lang='lat' dir='ltr'><strong>est</strong></span> <span class='ocrx_word' id='word_1_615' title='bbox 1556 3831 1642 3888; x_wconf 88' lang='lat' dir='ltr'><strong>aetus</strong></span> <span class='ocrx_word' id='word_1_616' title='bbox 1664 3825 1782 3888; x_wconf 84' lang='lat' dir='ltr'><strong>latriae.</strong></span> <span class='ocrx_word' id='word_1_617' title='bbox 1798 3823 1901 3903; x_wconf 85' lang='lat' dir='ltr'><strong>Neque</strong></span> <span class='ocrx_word' id='word_1_618' title='bbox 1916 3827 1967 3888; x_wconf 87' lang='lat' dir='ltr'><strong>bis</strong></span> 
     </span>
     <span class='ocr_line' id='line_1_44' title="bbox 211 3903 1965 3986; baseline 0.001 -18"><span class='ocrx_word' id='word_1_619' title='bbox 211 3907 251 3969; x_wconf 95' lang='lat' dir='ltr'><strong>do</strong></span> <span class='ocrx_word' id='word_1_620' title='bbox 264 3905 421 3968; x_wconf 89' lang='lat' dir='ltr'><strong>maledieto</strong></span> <span class='ocrx_word' id='word_1_621' title='bbox 434 3905 464 3968; x_wconf 89' lang='lat' dir='ltr'><strong>in</strong></span> <span class='ocrx_word' id='word_1_622' title='bbox 477 3915 599 3970; x_wconf 87' lang='lat' dir='ltr'><strong>sanetus</strong></span> <span class='ocrx_word' id='word_1_623' title='bbox 611 3907 753 3972; x_wconf 90' lang='lat' dir='ltr'><strong>dieantur</strong></span> <span class='ocrx_word' id='word_1_624' title='bbox 763 3907 1059 3986; x_wconf 73' lang='lat' dir='ltr'><strong>blasphemiaeque</strong></span> <span class='ocrx_word' id='word_1_625' title='bbox 1103 3905 1346 3984; x_wconf 86' lang='lat' dir='ltr'><strong>repugnat,quod</strong></span> <span class='ocrx_word' id='word_1_626' title='bbox 1361 3903 1391 3966; x_wconf 91' lang='lat' dir='ltr'><strong>in</strong></span> <span class='ocrx_word' id='word_1_627' title='bbox 1408 3903 1695 3986; x_wconf 48' lang='lat' dir='ltr'><strong>seripturisssnomeu</strong></span> <span class='ocrx_word' id='word_1_628' title='bbox 1709 3907 1769 3970; x_wconf 84' lang='lat' dir='ltr'><strong>noti</strong></span> <span class='ocrx_word' id='word_1_629' title='bbox 1780 3921 1902 3986; x_wconf 86' lang='lat' dir='ltr'><strong>semper</strong></span> <span class='ocrx_word' id='word_1_630' title='bbox 1913 3923 1965 3971; x_wconf 81' lang='lat' dir='ltr'><strong>ae·</strong></span> 
     </span>
     <span class='ocr_line' id='line_1_45' title="bbox 211 3985 1961 4066; baseline 0.001 -15"><span class='ocrx_word' id='word_1_631' title='bbox 211 3990 293 4052; x_wconf 83' lang='lat' dir='ltr'><strong>beas</strong></span> <span class='ocrx_word' id='word_1_632' title='bbox 306 3988 336 4052; x_wconf 92' lang='lat' dir='ltr'><strong>in</strong></span> <span class='ocrx_word' id='word_1_633' title='bbox 352 3989 465 4052; x_wconf 87' lang='lat' dir='ltr'><strong>sanetis</strong></span> <span class='ocrx_word' id='word_1_634' title='bbox 479 3990 682 4054; x_wconf 79' lang='lat' dir='ltr'><strong>maledicitur.</strong></span> <span class='ocrx_word' id='word_1_635' title='bbox 1106 3985 1235 4064; x_wconf 88' lang='lat' dir='ltr'><strong>eipiatur</strong></span> <span class='ocrx_word' id='word_1_636' title='bbox 1249 4003 1303 4066; x_wconf 95' lang='lat' dir='ltr'><strong>pro</strong></span> <span class='ocrx_word' id='word_1_637' title='bbox 1317 3987 1523 4066; x_wconf 88' lang='lat' dir='ltr'><strong>promissione</strong></span> <span class='ocrx_word' id='word_1_638' title='bbox 1538 3989 1613 4052; x_wconf 88' lang='lat' dir='ltr'><strong>laeta</strong></span> <span class='ocrx_word' id='word_1_639' title='bbox 1628 3989 1705 4066; x_wconf 87' lang='lat' dir='ltr'><strong>Deo;</strong></span> <span class='ocrx_word' id='word_1_640' title='bbox 1721 4005 1793 4051; x_wconf 91' lang='lat' dir='ltr'><strong>narn</strong></span> <span class='ocrx_word' id='word_1_641' title='bbox 1806 4005 1874 4052; x_wconf 88' lang='lat' dir='ltr'><strong>oum</strong></span> <span class='ocrx_word' id='word_1_642' title='bbox 1886 3992 1961 4052; x_wconf 88' lang='lat' dir='ltr'><strong>seri·</strong></span> 
     </span>
     <span class='ocr_line' id='line_1_46' title="bbox 253 4067 1961 4151; baseline 0.001 -17"><span class='ocrx_word' id='word_1_643' title='bbox 253 4071 312 4134; x_wconf 89' lang='lat' dir='ltr'><strong>Sed</strong></span> <span class='ocrx_word' id='word_1_644' title='bbox 327 4069 451 4151; x_wconf 83' lang='lat' dir='ltr'><strong>objteiet</strong></span> <span class='ocrx_word' id='word_1_645' title='bbox 466 4070 602 4136; x_wconf 88' lang='lat' dir='ltr'><strong>fortassis</strong></span> <span class='ocrx_word' id='word_1_646' title='bbox 617 4071 801 4151; x_wconf 76' lang='lat' dir='ltr'><strong>aliquisdut</strong></span> <span class='ocrx_word' id='word_1_647' title='bbox 815 4075 975 4148; x_wconf 87' lang='lat' dir='ltr'><strong>rota,quaa</strong></span> <span class='ocrx_word' id='word_1_648' title='bbox 987 4069 1063 4134; x_wconf 89' lang='lat' dir='ltr'><strong>flunt</strong></span> <span class='ocrx_word' id='word_1_649' title='bbox 1106 4067 1254 4132; x_wconf 87' lang='lat' dir='ltr'><strong>berentur</strong></span> <span class='ocrx_word' id='word_1_650' title='bbox 1268 4069 1442 4149; x_wconf 87' lang='lat' dir='ltr'><strong>Seripturae</strong></span> <span class='ocrx_word' id='word_1_651' title='bbox 1455 4077 1579 4135; x_wconf 85' lang='lat' dir='ltr'><strong>sanetae</strong></span> <span class='ocrx_word' id='word_1_652' title='bbox 1593 4118 1601 4146; x_wconf 92' lang='lat'><strong>,</strong></span> <span class='ocrx_word' id='word_1_653' title='bbox 1617 4073 1753 4134; x_wconf 91' lang='lat' dir='ltr'><strong>nondum</strong></span> <span class='ocrx_word' id='word_1_654' title='bbox 1769 4079 1912 4151; x_wconf 85' lang='lat' dir='ltr'><strong>eoeperat</strong></span> <span class='ocrx_word' id='word_1_655' title='bbox 1925 4089 1961 4134; x_wconf 94' lang='lat' dir='ltr'><strong>u·</strong></span> 
     </span>
     <span class='ocr_line' id='line_1_47' title="bbox 212 4147 1444 4233; baseline -0.004 -14"><span class='ocrx_word' id='word_1_656' title='bbox 212 4153 275 4220; x_wconf 87' lang='lat' dir='ltr'><strong>Deo</strong></span> <span class='ocrx_word' id='word_1_657' title='bbox 291 4153 322 4217; x_wconf 94' lang='lat' dir='ltr'><strong>in</strong></span> <span class='ocrx_word' id='word_1_658' title='bbox 337 4153 464 4230; x_wconf 89' lang='lat' dir='ltr'><strong>sanetis,</strong></span> <span class='ocrx_word' id='word_1_659' title='bbox 478 4155 724 4217; x_wconf 87' lang='lat' dir='ltr'><strong>terminanturad</strong></span> <span class='ocrx_word' id='word_1_660' title='bbox 740 4155 839 4217; x_wconf 92' lang='lat' dir='ltr'><strong>solum</strong></span> <span class='ocrx_word' id='word_1_661' title='bbox 854 4147 970 4228; x_wconf 85' lang='lat' dir='ltr'><strong>Deum,</strong></span> <span class='ocrx_word' id='word_1_662' title='bbox 987 4171 1061 4233; x_wconf 88' lang='lat' dir='ltr'><strong>quo·</strong></span> <span class='ocrx_word' id='word_1_663' title='bbox 1107 4167 1161 4213; x_wconf 87' lang='lat' dir='ltr'><strong>sus</strong></span> <span class='ocrx_word' id='word_1_664' title='bbox 1176 4151 1303 4214; x_wconf 79' lang='lat' dir='ltr'><strong>vovendi</strong></span> <span class='ocrx_word' id='word_1_665' title='bbox 1319 4153 1444 4215; x_wconf 87' lang='lat' dir='ltr'><strong>sanetis.</strong></span> 
     </span>
     <span class='ocr_line' id='line_1_48' title="bbox 214 4233 1959 4312; baseline 0.001 -15"><span class='ocrx_word' id='word_1_666' title='bbox 214 4237 303 4299; x_wconf 89' lang='lat' dir='ltr'><strong>nrodo</strong></span> <span class='ocrx_word' id='word_1_667' title='bbox 318 4235 499 4300; x_wconf 82' lang='lat' dir='ltr'><strong>sacrificium</strong></span> <span class='ocrx_word' id='word_1_668' title='bbox 510 4238 567 4299; x_wconf 90' lang='lat' dir='ltr'><strong>soli</strong></span> <span class='ocrx_word' id='word_1_669' title='bbox 579 4237 644 4301; x_wconf 85' lang='lat' dir='ltr'><strong>Deo</strong></span> <span class='ocrx_word' id='word_1_670' title='bbox 659 4235 794 4309; x_wconf 89' lang='lat' dir='ltr'><strong>ollertur,</strong></span> <span class='ocrx_word' id='word_1_671' title='bbox 811 4236 885 4298; x_wconf 90' lang='lat' dir='ltr'><strong>lieet</strong></span> <span class='ocrx_word' id='word_1_672' title='bbox 905 4235 935 4297; x_wconf 92' lang='lat' dir='ltr'><strong>in</strong></span> <span class='ocrx_word' id='word_1_673' title='bbox 949 4252 1063 4298; x_wconf 89' lang='lat' dir='ltr'><strong>memo·</strong></span> <span class='ocrx_word' id='word_1_674' title='bbox 1150 4234 1208 4296; x_wconf 90' lang='lat' dir='ltr'><strong>Sed</strong></span> <span class='ocrx_word' id='word_1_675' title='bbox 1224 4233 1366 4312; x_wconf 82' lang='lat' dir='ltr'><strong>objtetes:</strong></span> <span class='ocrx_word' id='word_1_676' title='bbox 1382 4235 1413 4296; x_wconf 89' lang='lat' dir='ltr'><strong>St</strong></span> <span class='ocrx_word' id='word_1_677' title='bbox 1430 4235 1593 4312; x_wconf 89' lang='lat' dir='ltr'><strong>promissio</strong></span> <span class='ocrx_word' id='word_1_678' title='bbox 1604 4233 1680 4299; x_wconf 84' lang='lat' dir='ltr'><strong>faeta</strong></span> <span class='ocrx_word' id='word_1_679' title='bbox 1709 4236 1824 4299; x_wconf 88' lang='lat' dir='ltr'><strong>sanetis</strong></span> <span class='ocrx_word' id='word_1_680' title='bbox 1837 4236 1959 4298; x_wconf 89' lang='lat' dir='ltr'><strong>mortuis</strong></span> 
     </span>
     <span class='ocr_line' id='line_1_49' title="bbox 214 4316 1959 4394; baseline 0.001 -13"><span class='ocrx_word' id='word_1_681' title='bbox 214 4320 288 4382; x_wconf 89' lang='lat' dir='ltr'><strong>riam</strong></span> <span class='ocrx_word' id='word_1_682' title='bbox 301 4319 488 4381; x_wconf 91' lang='lat' dir='ltr'><strong>ethonorem</strong></span> <span class='ocrx_word' id='word_1_683' title='bbox 500 4327 684 4383; x_wconf 84' lang='lat' dir='ltr'><strong>sanatorum:</strong></span> <span class='ocrx_word' id='word_1_684' title='bbox 702 4325 753 4394; x_wconf 86' lang='lat' dir='ltr'><strong>aut</strong></span> <span class='ocrx_word' id='word_1_685' title='bbox 767 4316 1063 4382; x_wconf 88' lang='lat' dir='ltr'><strong>terminanturetiam</strong></span> <span class='ocrx_word' id='word_1_686' title='bbox 1108 4322 1209 4394; x_wconf 89' lang='lat' dir='ltr'><strong>potest</strong></span> <span class='ocrx_word' id='word_1_687' title='bbox 1222 4316 1284 4378; x_wconf 88' lang='lat' dir='ltr'><strong>diei</strong></span> <span class='ocrx_word' id='word_1_688' title='bbox 1299 4323 1411 4394; x_wconf 78' lang='lat' dir='ltr'><strong>rotum3</strong></span> <span class='ocrx_word' id='word_1_689' title='bbox 1428 4333 1482 4378; x_wconf 91' lang='lat' dir='ltr'><strong>eur</strong></span> <span class='ocrx_word' id='word_1_690' title='bbox 1504 4333 1563 4380; x_wconf 91' lang='lat' dir='ltr'><strong>non</strong></span> <span class='ocrx_word' id='word_1_691' title='bbox 1590 4317 1680 4379; x_wconf 85' lang='lat' dir='ltr'><strong>etiam</strong></span> <span class='ocrx_word' id='word_1_692' title='bbox 1710 4319 1873 4394; x_wconf 88' lang='lat' dir='ltr'><strong>promissio</strong></span> <span class='ocrx_word' id='word_1_693' title='bbox 1887 4319 1959 4382; x_wconf 87' lang='lat' dir='ltr'><strong>laeta</strong></span> 
     </span>
     <span class='ocr_line' id='line_1_50' title="bbox 213 4397 1721 4480; baseline 0 -18"><span class='ocrx_word' id='word_1_694' title='bbox 213 4402 250 4463; x_wconf 92' lang='lat' dir='ltr'><strong>ad</strong></span> <span class='ocrx_word' id='word_1_695' title='bbox 265 4401 349 4480; x_wconf 91' lang='lat' dir='ltr'><strong>ipsos</strong></span> <span class='ocrx_word' id='word_1_696' title='bbox 363 4407 497 4475; x_wconf 89' lang='lat' dir='ltr'><strong>sanetus,</strong></span> <span class='ocrx_word' id='word_1_697' title='bbox 512 4402 555 4464; x_wconf 92' lang='lat' dir='ltr'><strong>ita</strong></span> <span class='ocrx_word' id='word_1_698' title='bbox 570 4408 602 4466; x_wconf 92' lang='lat' dir='ltr'><strong>ut</strong></span> <span class='ocrx_word' id='word_1_699' title='bbox 616 4417 719 4466; x_wconf 89' lang='lat' dir='ltr'><strong>rerero</strong></span> <span class='ocrx_word' id='word_1_700' title='bbox 735 4401 811 4480; x_wconf 92' lang='lat' dir='ltr'><strong>ipsis</strong></span> <span class='ocrx_word' id='word_1_701' title='bbox 825 4407 889 4463; x_wconf 86' lang='lat' dir='ltr'><strong>rota</strong></span> <span class='ocrx_word' id='word_1_702' title='bbox 904 4399 1064 4478; x_wconf 79' lang='lat' dir='ltr'><strong>luantque·</strong></span> <span class='ocrx_word' id='word_1_703' title='bbox 1109 4397 1225 4460; x_wconf 88' lang='lat' dir='ltr'><strong>sanetis</strong></span> <span class='ocrx_word' id='word_1_704' title='bbox 1239 4399 1340 4461; x_wconf 85' lang='lat' dir='ltr'><strong>adhue</strong></span> <span class='ocrx_word' id='word_1_705' title='bbox 1355 4399 1526 4463; x_wconf 82' lang='lat' dir='ltr'><strong>uirentibus</strong></span> <span class='ocrx_word' id='word_1_706' title='bbox 1541 4397 1721 4462; x_wconf 79' lang='lat' dir='ltr'><strong>nobiseum?</strong></span> 
     </span>
     <span class='ocr_line' id='line_1_51' title="bbox 213 4480 1958 4565; baseline 0 -19"><span class='ocrx_word' id='word_1_707' title='bbox 213 4485 304 4546; x_wconf 90' lang='lat' dir='ltr'><strong>modo</strong></span> <span class='ocrx_word' id='word_1_708' title='bbox 320 4484 528 4564; x_wconf 78' lang='lat' dir='ltr'><strong>eleemosyna,</strong></span> <span class='ocrx_word' id='word_1_709' title='bbox 543 4502 622 4565; x_wconf 90' lang='lat' dir='ltr'><strong>quae</strong></span> <span class='ocrx_word' id='word_1_710' title='bbox 633 4483 721 4548; x_wconf 88' lang='lat' dir='ltr'><strong>datur</strong></span> <span class='ocrx_word' id='word_1_711' title='bbox 735 4483 855 4548; x_wconf 78' lang='lat' dir='ltr'><strong>cbristo</strong></span> <span class='ocrx_word' id='word_1_712' title='bbox 870 4484 901 4545; x_wconf 91' lang='lat' dir='ltr'><strong>ia</strong></span> <span class='ocrx_word' id='word_1_713' title='bbox 915 4499 1061 4563; x_wconf 90' lang='lat' dir='ltr'><strong>paupere,</strong></span> <span class='ocrx_word' id='word_1_714' title='bbox 1149 4480 1333 4558; x_wconf 86' lang='lat' dir='ltr'><strong>liespoudeo</strong></span> <span class='ocrx_word' id='word_1_715' title='bbox 1347 4483 1466 4560; x_wconf 89' lang='lat' dir='ltr'><strong>primo:</strong></span> <span class='ocrx_word' id='word_1_716' title='bbox 1490 4481 1564 4556; x_wconf 85' lang='lat' dir='ltr'><strong>Quia</strong></span> <span class='ocrx_word' id='word_1_717' title='bbox 1582 4483 1745 4561; x_wconf 91' lang='lat' dir='ltr'><strong>promissio</strong></span> <span class='ocrx_word' id='word_1_718' title='bbox 1759 4482 1835 4545; x_wconf 87' lang='lat' dir='ltr'><strong>laeta</strong></span> <span class='ocrx_word' id='word_1_719' title='bbox 1850 4484 1958 4546; x_wconf 89' lang='lat' dir='ltr'><strong>sanetis</strong></span> 
     </span>
     <span class='ocr_line' id='line_1_52' title="bbox 213 4561 1956 4645; baseline 0 -17"><span class='ocrx_word' id='word_1_720' title='bbox 213 4583 284 4628; x_wconf 87' lang='lat' dir='ltr'><strong>vere</strong></span> <span class='ocrx_word' id='word_1_721' title='bbox 300 4566 387 4629; x_wconf 90' lang='lat' dir='ltr'><strong>datur</strong></span> <span class='ocrx_word' id='word_1_722' title='bbox 401 4566 459 4644; x_wconf 90' lang='lat' dir='ltr'><strong>ipsi</strong></span> <span class='ocrx_word' id='word_1_723' title='bbox 473 4567 598 4645; x_wconf 90' lang='lat' dir='ltr'><strong>pauperi</strong></span> <span class='ocrx_word' id='word_1_724' title='bbox 614 4585 622 4628; x_wconf 74' lang='grc' dir='ltr'><strong>ε</strong></span> <span class='ocrx_word' id='word_1_725' title='bbox 639 4567 665 4629; x_wconf 93' lang='lat' dir='ltr'><strong>si</strong></span> <span class='ocrx_word' id='word_1_726' title='bbox 682 4567 811 4643; x_wconf 88' lang='lat' dir='ltr'><strong>primunr</strong></span> <span class='ocrx_word' id='word_1_727' title='bbox 827 4565 1001 4644; x_wconf 89' lang='lat' dir='ltr'><strong>aeoipiatur,</strong></span> <span class='ocrx_word' id='word_1_728' title='bbox 1019 4582 1066 4630; x_wconf 88' lang='lat' dir='ltr'><strong>er·</strong></span> <span class='ocrx_word' id='word_1_729' title='bbox 1109 4579 1180 4626; x_wconf 90' lang='lat' dir='ltr'><strong>oum</strong></span> <span class='ocrx_word' id='word_1_730' title='bbox 1192 4561 1310 4626; x_wconf 84' lang='lat' dir='ltr'><strong>Christo</strong></span> <span class='ocrx_word' id='word_1_731' title='bbox 1324 4564 1536 4644; x_wconf 88' lang='lat' dir='ltr'><strong>regnantibus.</strong></span> <span class='ocrx_word' id='word_1_732' title='bbox 1551 4571 1598 4627; x_wconf 87' lang='lat' dir='ltr'><strong>est</strong></span> <span class='ocrx_word' id='word_1_733' title='bbox 1622 4565 1750 4629; x_wconf 89' lang='lat' dir='ltr'><strong>similior</strong></span> <span class='ocrx_word' id='word_1_734' title='bbox 1764 4567 1956 4645; x_wconf 83' lang='lat' dir='ltr'><strong>promissioni</strong></span> 
     </span>
     <span class='ocr_line' id='line_1_53' title="bbox 214 4643 1956 4730; baseline -0.001 -18"><span class='ocrx_word' id='word_1_735' title='bbox 214 4665 253 4728; x_wconf 82' lang='lat' dir='ltr'><strong>go</strong></span> <span class='ocrx_word' id='word_1_736' title='bbox 268 4663 328 4712; x_wconf 90' lang='lat' dir='ltr'><strong>nou</strong></span> <span class='ocrx_word' id='word_1_737' title='bbox 344 4663 416 4710; x_wconf 86' lang='lat' dir='ltr'><strong>rere</strong></span> <span class='ocrx_word' id='word_1_738' title='bbox 432 4649 508 4712; x_wconf 85' lang='lat' dir='ltr'><strong>duat</strong></span> <span class='ocrx_word' id='word_1_739' title='bbox 521 4655 587 4712; x_wconf 84' lang='lat' dir='ltr'><strong>uoto</strong></span> <span class='ocrx_word' id='word_1_740' title='bbox 602 4649 730 4716; x_wconf 88' lang='lat' dir='ltr'><strong>sanetis.</strong></span> <span class='ocrx_word' id='word_1_741' title='bbox 747 4649 778 4714; x_wconf 90' lang='lat' dir='ltr'><strong>Si</strong></span> <span class='ocrx_word' id='word_1_742' title='bbox 793 4649 976 4723; x_wconf 88' lang='lat' dir='ltr'><strong>seeundum,</strong></span> <span class='ocrx_word' id='word_1_743' title='bbox 993 4662 1066 4730; x_wconf 88' lang='lat' dir='ltr'><strong>ergo</strong></span> <span class='ocrx_word' id='word_1_744' title='bbox 1112 4661 1190 4724; x_wconf 89' lang='lat' dir='ltr'><strong>quae</strong></span> <span class='ocrx_word' id='word_1_745' title='bbox 1204 4643 1324 4722; x_wconf 86' lang='lat' dir='ltr'><strong>fitlleo,</strong></span> <span class='ocrx_word' id='word_1_746' title='bbox 1347 4663 1438 4725; x_wconf 89' lang='lat' dir='ltr'><strong>quoru</strong></span> <span class='ocrx_word' id='word_1_747' title='bbox 1465 4646 1498 4710; x_wconf 86' lang='lat' dir='ltr'><strong>dt</strong></span> <span class='ocrx_word' id='word_1_748' title='bbox 1512 4646 1675 4726; x_wconf 89' lang='lat' dir='ltr'><strong>promissio</strong></span> <span class='ocrx_word' id='word_1_749' title='bbox 1701 4647 1817 4711; x_wconf 88' lang='lat' dir='ltr'><strong>homini</strong></span> <span class='ocrx_word' id='word_1_750' title='bbox 1833 4649 1956 4712; x_wconf 89' lang='lat' dir='ltr'><strong>mortali.</strong></span> 
     </span>
     <span class='ocr_line' id='line_1_54' title="bbox 214 4727 1958 4808; baseline 0 -15"><span class='ocrx_word' id='word_1_751' title='bbox 214 4731 391 4794; x_wconf 89' lang='lat' dir='ltr'><strong>idololatrae</strong></span> <span class='ocrx_word' id='word_1_752' title='bbox 405 4731 555 4794; x_wconf 84' lang='lat' dir='ltr'><strong>ridemur.</strong></span> <span class='ocrx_word' id='word_1_753' title='bbox 1111 4727 1183 4791; x_wconf 88' lang='lat' dir='ltr'><strong>llam</strong></span> <span class='ocrx_word' id='word_1_754' title='bbox 1196 4727 1449 4804; x_wconf 88' lang='lat' dir='ltr'><strong>quemadmodum</strong></span> <span class='ocrx_word' id='word_1_755' title='bbox 1465 4729 1594 4808; x_wconf 91' lang='lat' dir='ltr'><strong>id,quod</strong></span> <span class='ocrx_word' id='word_1_756' title='bbox 1609 4731 1812 4808; x_wconf 88' lang='lat' dir='ltr'><strong>promittimus</strong></span> <span class='ocrx_word' id='word_1_757' title='bbox 1824 4731 1958 4804; x_wconf 90' lang='lat' dir='ltr'><strong>Deo,uou</strong></span> 
     </span>
     <span class='ocr_line' id='line_1_55' title="bbox 256 4809 1958 4894; baseline 0.001 -19"><span class='ocrx_word' id='word_1_758' title='bbox 256 4813 451 4892; x_wconf 79' lang='lat' dir='ltr'><strong>Respondes:</strong></span> <span class='ocrx_word' id='word_1_759' title='bbox 465 4813 606 4878; x_wconf 85' lang='lat' dir='ltr'><strong>seeundo</strong></span> <span class='ocrx_word' id='word_1_760' title='bbox 621 4815 711 4878; x_wconf 92' lang='lat' dir='ltr'><strong>modo</strong></span> <span class='ocrx_word' id='word_1_761' title='bbox 722 4811 787 4876; x_wconf 87' lang='lat' dir='ltr'><strong>fleri</strong></span> <span class='ocrx_word' id='word_1_762' title='bbox 799 4818 865 4876; x_wconf 87' lang='lat' dir='ltr'><strong>rote</strong></span> <span class='ocrx_word' id='word_1_763' title='bbox 880 4811 1068 4886; x_wconf 86' lang='lat' dir='ltr'><strong>senetis‚nee</strong></span> <span class='ocrx_word' id='word_1_764' title='bbox 1112 4817 1159 4874; x_wconf 89' lang='lat' dir='ltr'><strong>est</strong></span> <span class='ocrx_word' id='word_1_765' title='bbox 1181 4809 1225 4872; x_wconf 91' lang='lat' dir='ltr'><strong>illi</strong></span> <span class='ocrx_word' id='word_1_766' title='bbox 1237 4810 1323 4885; x_wconf 88' lang='lat' dir='ltr'><strong>utile,</strong></span> <span class='ocrx_word' id='word_1_767' title='bbox 1338 4810 1393 4874; x_wconf 92' lang='lat' dir='ltr'><strong>sed</strong></span> <span class='ocrx_word' id='word_1_768' title='bbox 1407 4811 1508 4884; x_wconf 84' lang='lat' dir='ltr'><strong>nobis,</strong></span> <span class='ocrx_word' id='word_1_769' title='bbox 1522 4819 1552 4875; x_wconf 88' lang='lat' dir='ltr'><strong>et</strong></span> <span class='ocrx_word' id='word_1_770' title='bbox 1566 4813 1664 4876; x_wconf 88' lang='lat' dir='ltr'><strong>solum</strong></span> <span class='ocrx_word' id='word_1_771' title='bbox 1677 4813 1760 4876; x_wconf 89' lang='lat' dir='ltr'><strong>sitin</strong></span> <span class='ocrx_word' id='word_1_772' title='bbox 1774 4815 1894 4894; x_wconf 87' lang='lat' dir='ltr'><strong>signum</strong></span> <span class='ocrx_word' id='word_1_773' title='bbox 1908 4815 1958 4876; x_wconf 93' lang='lat' dir='ltr'><strong>bo-</strong></span> 
     </span>
     <span class='ocr_line' id='line_1_56' title="bbox 215 4892 1957 4975; baseline 0.001 -18"><span class='ocrx_word' id='word_1_774' title='bbox 215 4903 314 4958; x_wconf 88' lang='lat' dir='ltr'><strong>tamen</strong></span> <span class='ocrx_word' id='word_1_775' title='bbox 331 4912 388 4958; x_wconf 87' lang='lat' dir='ltr'><strong>nos</strong></span> <span class='ocrx_word' id='word_1_776' title='bbox 402 4892 473 4958; x_wconf 82' lang='lat' dir='ltr'><strong>esse</strong></span> <span class='ocrx_word' id='word_1_777' title='bbox 488 4897 750 4973; x_wconf 79' lang='lat' dir='ltr'><strong>idololatras3nam</strong></span> <span class='ocrx_word' id='word_1_778' title='bbox 762 4912 823 4958; x_wconf 93' lang='lat' dir='ltr'><strong>non</strong></span> <span class='ocrx_word' id='word_1_779' title='bbox 835 4895 941 4957; x_wconf 88' lang='lat' dir='ltr'><strong>eadem</strong></span> <span class='ocrx_word' id='word_1_780' title='bbox 954 4896 1070 4958; x_wconf 89' lang='lat' dir='ltr'><strong>ratione</strong></span> <span class='ocrx_word' id='word_1_781' title='bbox 1113 4893 1199 4955; x_wconf 89' lang='lat' dir='ltr'><strong>noris</strong></span> <span class='ocrx_word' id='word_1_782' title='bbox 1220 4899 1251 4954; x_wconf 90' lang='grc' dir='ltr'><strong>ει</strong></span> <span class='ocrx_word' id='word_1_783' title='bbox 1264 4894 1478 4973; x_wconf 83' lang='lat' dir='ltr'><strong>gratitudinis3</strong></span> <span class='ocrx_word' id='word_1_784' title='bbox 1494 4895 1533 4957; x_wconf 91' lang='lat' dir='ltr'><strong>ita</strong></span> <span class='ocrx_word' id='word_1_785' title='bbox 1555 4897 1645 4958; x_wconf 89' lang='lat' dir='ltr'><strong>etiam</strong></span> <span class='ocrx_word' id='word_1_786' title='bbox 1667 4895 1748 4975; x_wconf 93' lang='lat' dir='ltr'><strong>quod</strong></span> <span class='ocrx_word' id='word_1_787' title='bbox 1764 4897 1957 4974; x_wconf 88' lang='lat' dir='ltr'><strong>promittimus</strong></span> 
     </span>
     <span class='ocr_line' id='line_1_57' title="bbox 217 4975 1954 5056; baseline 0.001 -18"><span class='ocrx_word' id='word_1_788' title='bbox 217 4981 249 5038; x_wconf 92' lang='grc' dir='ltr'><strong>ιιι</strong></span> <span class='ocrx_word' id='word_1_789' title='bbox 263 4985 362 5042; x_wconf 87' lang='lat' dir='ltr'><strong>votum</strong></span> <span class='ocrx_word' id='word_1_790' title='bbox 378 4979 503 5050; x_wconf 89' lang='lat' dir='ltr'><strong>sanetis,</strong></span> <span class='ocrx_word' id='word_1_791' title='bbox 521 4985 551 5041; x_wconf 93' lang='lat' dir='ltr'><strong>et</strong></span> <span class='ocrx_word' id='word_1_792' title='bbox 564 4977 641 5055; x_wconf 87' lang='lat' dir='ltr'><strong>Deo;</strong></span> <span class='ocrx_word' id='word_1_793' title='bbox 672 4985 702 5040; x_wconf 89' lang='lat' dir='ltr'><strong>et</strong></span> <span class='ocrx_word' id='word_1_794' title='bbox 716 4980 814 5041; x_wconf 90' lang='lat' dir='ltr'><strong>solum</strong></span> <span class='ocrx_word' id='word_1_795' title='bbox 828 4984 929 5040; x_wconf 81' lang='lat' dir='ltr'><strong>uotum</strong></span> <span class='ocrx_word' id='word_1_796' title='bbox 943 4977 1021 5056; x_wconf 95' lang='lat' dir='ltr'><strong>quod</strong></span> <span class='ocrx_word' id='word_1_797' title='bbox 1038 4976 1071 5039; x_wconf 88' lang='lat' dir='ltr'><strong>lli</strong></span> <span class='ocrx_word' id='word_1_798' title='bbox 1114 4975 1228 5038; x_wconf 87' lang='lat' dir='ltr'><strong>sanetis</strong></span> <span class='ocrx_word' id='word_1_799' title='bbox 1242 4975 1274 5037; x_wconf 91' lang='lat' dir='ltr'><strong>in</strong></span> <span class='ocrx_word' id='word_1_800' title='bbox 1290 4978 1376 5038; x_wconf 90' lang='lat' dir='ltr'><strong>ooalo</strong></span> <span class='ocrx_word' id='word_1_801' title='bbox 1391 4976 1589 5056; x_wconf 86' lang='lat' dir='ltr'><strong>regnantibus</strong></span> <span class='ocrx_word' id='word_1_802' title='bbox 1604 5025 1612 5048; x_wconf 93' lang='lat'><strong>,</strong></span> <span class='ocrx_word' id='word_1_803' title='bbox 1630 4994 1691 5038; x_wconf 93' lang='lat' dir='ltr'><strong>non</strong></span> <span class='ocrx_word' id='word_1_804' title='bbox 1706 4982 1754 5040; x_wconf 91' lang='lat' dir='ltr'><strong>est</strong></span> <span class='ocrx_word' id='word_1_805' title='bbox 1776 4979 1840 5040; x_wconf 86' lang='lat' dir='ltr'><strong>illis</strong></span> <span class='ocrx_word' id='word_1_806' title='bbox 1863 4979 1932 5040; x_wconf 88' lang='lat' dir='ltr'><strong>utile</strong></span> <span class='ocrx_word' id='word_1_807' title='bbox 1947 5025 1954 5053; x_wconf 89' lang='lat'><strong>,</strong></span> 
     </span>
     <span class='ocr_line' id='line_1_58' title="bbox 215 5057 1955 5140; baseline 0 -20"><span class='ocrx_word' id='word_1_808' title='bbox 215 5059 290 5135; x_wconf 86' lang='lat' dir='ltr'><strong>beo,</strong></span> <span class='ocrx_word' id='word_1_809' title='bbox 300 5066 348 5124; x_wconf 88' lang='lat' dir='ltr'><strong>est</strong></span> <span class='ocrx_word' id='word_1_810' title='bbox 361 5061 461 5123; x_wconf 88' lang='lat' dir='ltr'><strong>cultus</strong></span> <span class='ocrx_word' id='word_1_811' title='bbox 475 5059 900 5124; x_wconf 80' lang='lat' dir='ltr'><strong>latriae.uuiurodrerteodum</strong></span> <span class='ocrx_word' id='word_1_812' title='bbox 913 5065 959 5121; x_wconf 88' lang='lat' dir='ltr'><strong>ost</strong></span> <span class='ocrx_word' id='word_1_813' title='bbox 974 5060 1067 5135; x_wconf 90' lang='lat' dir='ltr'><strong>enim,</strong></span> <span class='ocrx_word' id='word_1_814' title='bbox 1114 5058 1169 5120; x_wconf 90' lang='lat' dir='ltr'><strong>sed</strong></span> <span class='ocrx_word' id='word_1_815' title='bbox 1185 5057 1286 5134; x_wconf 86' lang='lat' dir='ltr'><strong>nobis;</strong></span> <span class='ocrx_word' id='word_1_816' title='bbox 1300 5073 1400 5138; x_wconf 89' lang='lat' dir='ltr'><strong>neque</strong></span> <span class='ocrx_word' id='word_1_817' title='bbox 1415 5061 1497 5122; x_wconf 90' lang='lat' dir='ltr'><strong>enim</strong></span> <span class='ocrx_word' id='word_1_818' title='bbox 1510 5059 1554 5121; x_wconf 90' lang='lat' dir='ltr'><strong>illi</strong></span> <span class='ocrx_word' id='word_1_819' title='bbox 1566 5061 1677 5122; x_wconf 89' lang='lat' dir='ltr'><strong>uostris</strong></span> <span class='ocrx_word' id='word_1_820' title='bbox 1692 5061 1786 5123; x_wconf 90' lang='lat' dir='ltr'><strong>rebus</strong></span> <span class='ocrx_word' id='word_1_821' title='bbox 1799 5061 1933 5140; x_wconf 89' lang='lat' dir='ltr'><strong>indigent</strong></span> <span class='ocrx_word' id='word_1_822' title='bbox 1948 5107 1955 5129; x_wconf 90' lang='lat'>‚</span> 
     </span>
     <span class='ocr_line' id='line_1_59' title="bbox 215 5140 1956 5223; baseline 0.002 -23"><span class='ocrx_word' id='word_1_823' title='bbox 215 5140 295 5203; x_wconf 91' lang='lat' dir='ltr'><strong>iuter</strong></span> <span class='ocrx_word' id='word_1_824' title='bbox 309 5158 417 5206; x_wconf 91' lang='lat' dir='ltr'><strong>omnes</strong></span> <span class='ocrx_word' id='word_1_825' title='bbox 429 5143 593 5206; x_wconf 85' lang='lat' dir='ltr'><strong>contenire</strong></span> <span class='ocrx_word' id='word_1_826' title='bbox 607 5158 679 5206; x_wconf 86' lang='lat' dir='ltr'><strong>rere</strong></span> <span class='ocrx_word' id='word_1_827' title='bbox 695 5149 724 5205; x_wconf 93' lang='lat' dir='ltr'><strong>et</strong></span> <span class='ocrx_word' id='word_1_828' title='bbox 739 5141 862 5223; x_wconf 87' lang='lat' dir='ltr'><strong>proprie</strong></span> <span class='ocrx_word' id='word_1_829' title='bbox 887 5140 1000 5205; x_wconf 86' lang='lat' dir='ltr'><strong>sanetis</strong></span> <span class='ocrx_word' id='word_1_830' title='bbox 1015 5142 1068 5204; x_wconf 90' lang='lat' dir='ltr'><strong>ali·</strong></span> <span class='ocrx_word' id='word_1_831' title='bbox 1113 5157 1183 5204; x_wconf 89' lang='lat' dir='ltr'><strong>eum</strong></span> <span class='ocrx_word' id='word_1_832' title='bbox 1198 5143 1260 5202; x_wconf 88' lang='lat' dir='ltr'><strong>siut</strong></span> <span class='ocrx_word' id='word_1_833' title='bbox 1270 5141 1352 5204; x_wconf 90' lang='lat' dir='ltr'><strong>beati</strong></span> <span class='ocrx_word' id='word_1_834' title='bbox 1377 5147 1408 5203; x_wconf 93' lang='lat' dir='ltr'><strong>et</strong></span> <span class='ocrx_word' id='word_1_835' title='bbox 1422 5143 1523 5204; x_wconf 86' lang='lat' dir='ltr'><strong>solum</strong></span> <span class='ocrx_word' id='word_1_836' title='bbox 1547 5143 1604 5204; x_wconf 89' lang='lat' dir='ltr'><strong>ista</strong></span> <span class='ocrx_word' id='word_1_837' title='bbox 1631 5141 1693 5204; x_wconf 90' lang='lat' dir='ltr'><strong>illis</strong></span> <span class='ocrx_word' id='word_1_838' title='bbox 1715 5144 1915 5220; x_wconf 91' lang='lat' dir='ltr'><strong>promittimus</strong></span> <span class='ocrx_word' id='word_1_839' title='bbox 1928 5152 1956 5204; x_wconf 88' lang='lat' dir='ltr'><strong>et</strong></span> 
     </span>
     <span class='ocr_line' id='line_1_60' title="bbox 215 5222 1954 5304; baseline 0.002 -20"><span class='ocrx_word' id='word_1_840' title='bbox 215 5222 289 5300; x_wconf 91' lang='lat' dir='ltr'><strong>quid</strong></span> <span class='ocrx_word' id='word_1_841' title='bbox 305 5224 449 5303; x_wconf 89' lang='lat' dir='ltr'><strong>promitti;</strong></span> <span class='ocrx_word' id='word_1_842' title='bbox 464 5224 544 5290; x_wconf 91' lang='lat' dir='ltr'><strong>siout</strong></span> <span class='ocrx_word' id='word_1_843' title='bbox 554 5241 623 5289; x_wconf 86' lang='lat' dir='ltr'><strong>rere</strong></span> <span class='ocrx_word' id='word_1_844' title='bbox 634 5230 665 5288; x_wconf 91' lang='lat' dir='ltr'><strong>et</strong></span> <span class='ocrx_word' id='word_1_845' title='bbox 675 5225 798 5304; x_wconf 90' lang='lat' dir='ltr'><strong>proprio</strong></span> <span class='ocrx_word' id='word_1_846' title='bbox 808 5223 921 5304; x_wconf 90' lang='lat' dir='ltr'><strong>aliquid</strong></span> <span class='ocrx_word' id='word_1_847' title='bbox 946 5223 1067 5300; x_wconf 88' lang='lat' dir='ltr'><strong>promit·</strong></span> <span class='ocrx_word' id='word_1_848' title='bbox 1113 5222 1269 5286; x_wconf 84' lang='lat' dir='ltr'><strong>offerimus</strong></span> <span class='ocrx_word' id='word_1_849' title='bbox 1283 5224 1315 5284; x_wconf 90' lang='grc' dir='ltr'><strong>ιιι</strong></span> <span class='ocrx_word' id='word_1_850' title='bbox 1329 5223 1450 5302; x_wconf 88' lang='lat' dir='ltr'><strong>siguum</strong></span> <span class='ocrx_word' id='word_1_851' title='bbox 1463 5225 1641 5297; x_wconf 87' lang='lat' dir='ltr'><strong>memoriae,</strong></span> <span class='ocrx_word' id='word_1_852' title='bbox 1656 5225 1783 5288; x_wconf 79' lang='lat' dir='ltr'><strong>lionoris</strong></span> <span class='ocrx_word' id='word_1_853' title='bbox 1797 5232 1828 5288; x_wconf 88' lang='lat' dir='ltr'><strong>et</strong></span> <span class='ocrx_word' id='word_1_854' title='bbox 1841 5226 1954 5302; x_wconf 85' lang='lat' dir='ltr'><strong>gratitu-</strong></span> 
     </span>
     <span class='ocr_line' id='line_1_61' title="bbox 214 5305 1953 5388; baseline 0.002 -22"><span class='ocrx_word' id='word_1_855' title='bbox 214 5306 287 5367; x_wconf 90' lang='lat' dir='ltr'><strong>titur</strong></span> <span class='ocrx_word' id='word_1_856' title='bbox 300 5305 376 5366; x_wconf 89' lang='lat' dir='ltr'><strong>Deo:</strong></span> <span class='ocrx_word' id='word_1_857' title='bbox 389 5307 418 5370; x_wconf 93' lang='lat' dir='ltr'><strong>id</strong></span> <span class='ocrx_word' id='word_1_858' title='bbox 432 5308 513 5371; x_wconf 91' lang='lat' dir='ltr'><strong>enirn</strong></span> <span class='ocrx_word' id='word_1_859' title='bbox 529 5314 558 5370; x_wconf 90' lang='lat' dir='ltr'><strong>et</strong></span> <span class='ocrx_word' id='word_1_860' title='bbox 572 5308 603 5371; x_wconf 91' lang='lat' dir='ltr'><strong>b.</strong></span> <span class='ocrx_word' id='word_1_861' title='bbox 620 5307 750 5370; x_wconf 80' lang='lat' dir='ltr'><strong>Thomas</strong></span> <span class='ocrx_word' id='word_1_862' title='bbox 761 5307 912 5380; x_wconf 84' lang='lat' dir='ltr'><strong>coneedit,</strong></span> <span class='ocrx_word' id='word_1_863' title='bbox 926 5313 956 5368; x_wconf 93' lang='lat' dir='ltr'><strong>et</strong></span> <span class='ocrx_word' id='word_1_864' title='bbox 967 5322 1022 5385; x_wconf 91' lang='lat' dir='ltr'><strong>per</strong></span> <span class='ocrx_word' id='word_1_865' title='bbox 1032 5324 1067 5369; x_wconf 89' lang='lat' dir='ltr'><strong>se</strong></span> <span class='ocrx_word' id='word_1_866' title='bbox 1112 5305 1205 5368; x_wconf 90' lang='lat' dir='ltr'><strong>dinis.</strong></span> <span class='ocrx_word' id='word_1_867' title='bbox 1221 5305 1255 5367; x_wconf 83' lang='lat' dir='ltr'><strong>tt</strong></span> <span class='ocrx_word' id='word_1_868' title='bbox 1269 5321 1346 5384; x_wconf 88' lang='lat' dir='ltr'><strong>quae</strong></span> <span class='ocrx_word' id='word_1_869' title='bbox 1361 5307 1537 5371; x_wconf 90' lang='lat' dir='ltr'><strong>homiuibus</strong></span> <span class='ocrx_word' id='word_1_870' title='bbox 1551 5308 1602 5370; x_wconf 90' lang='grc' dir='ltr'><strong>ιιιε</strong></span> <span class='ocrx_word' id='word_1_871' title='bbox 1626 5306 1794 5370; x_wconf 80' lang='lat' dir='ltr'><strong>uirentibus</strong></span> <span class='ocrx_word' id='word_1_872' title='bbox 1815 5309 1953 5388; x_wconf 89' lang='lat' dir='ltr'><strong>promitti·</strong></span> 
     </span>
     <span class='ocr_line' id='line_1_62' title="bbox 216 5387 1952 5470; baseline 0.003 -22"><span class='ocrx_word' id='word_1_873' title='bbox 216 5392 310 5466; x_wconf 69' lang='lat' dir='ltr'><strong>pateo</strong></span> <span class='ocrx_word' id='word_1_874' title='bbox 327 5403 394 5448; x_wconf 89' lang='lat' dir='ltr'><strong>narn</strong></span> <span class='ocrx_word' id='word_1_875' title='bbox 410 5391 436 5452; x_wconf 93' lang='lat' dir='ltr'><strong>si</strong></span> <span class='ocrx_word' id='word_1_876' title='bbox 452 5392 524 5454; x_wconf 91' lang='lat' dir='ltr'><strong>lieet</strong></span> <span class='ocrx_word' id='word_1_877' title='bbox 535 5390 650 5454; x_wconf 87' lang='lat' dir='ltr'><strong>sanetis</strong></span> <span class='ocrx_word' id='word_1_878' title='bbox 665 5389 827 5453; x_wconf 85' lang='lat' dir='ltr'><strong>aedidoare</strong></span> <span class='ocrx_word' id='word_1_879' title='bbox 846 5387 1021 5467; x_wconf 80' lang='lat' dir='ltr'><strong>sepulchra,</strong></span> <span class='ocrx_word' id='word_1_880' title='bbox 1037 5395 1068 5453; x_wconf 90' lang='lat' dir='ltr'><strong>et</strong></span> <span class='ocrx_word' id='word_1_881' title='bbox 1112 5403 1192 5459; x_wconf 90' lang='lat' dir='ltr'><strong>mus.</strong></span> <span class='ocrx_word' id='word_1_882' title='bbox 1207 5388 1270 5450; x_wconf 90' lang='lat' dir='ltr'><strong>illis</strong></span> <span class='ocrx_word' id='word_1_883' title='bbox 1283 5389 1367 5450; x_wconf 90' lang='lat' dir='ltr'><strong>utilia</strong></span> <span class='ocrx_word' id='word_1_884' title='bbox 1380 5396 1461 5462; x_wconf 90' lang='lat' dir='ltr'><strong>suut,</strong></span> <span class='ocrx_word' id='word_1_885' title='bbox 1475 5389 1522 5451; x_wconf 85' lang='lat' dir='ltr'><strong>vel</strong></span> <span class='ocrx_word' id='word_1_886' title='bbox 1534 5396 1619 5453; x_wconf 89' lang='lat' dir='ltr'><strong>eerta</strong></span> <span class='ocrx_word' id='word_1_887' title='bbox 1640 5405 1711 5452; x_wconf 88' lang='lat' dir='ltr'><strong>esse</strong></span> <span class='ocrx_word' id='word_1_888' title='bbox 1726 5397 1875 5470; x_wconf 90' lang='lat' dir='ltr'><strong>possunt,</strong></span> <span class='ocrx_word' id='word_1_889' title='bbox 1889 5407 1952 5454; x_wconf 88' lang='lat' dir='ltr'><strong>oum</strong></span> 
     </span>
     <span class='ocr_line' id='line_1_63' title="bbox 205 5467 1530 5552; baseline 0.005 -24"><span class='ocrx_word' id='word_1_890' title='bbox 205 5467 479 5541; x_wconf 48' lang='lat' dir='ltr'><strong>,basilieasmruare</strong></span> <span class='ocrx_word' id='word_1_891' title='bbox 490 5489 595 5536; x_wconf 91' lang='lat' dir='ltr'><strong>eorum</strong></span> <span class='ocrx_word' id='word_1_892' title='bbox 612 5473 768 5552; x_wconf 86' lang='lat' dir='ltr'><strong>reliquias,</strong></span> <span class='ocrx_word' id='word_1_893' title='bbox 781 5473 950 5536; x_wconf 89' lang='lat' dir='ltr'><strong>ueoendere</strong></span> <span class='ocrx_word' id='word_1_894' title='bbox 966 5488 1068 5535; x_wconf 89' lang='lat' dir='ltr'><strong>eoram</strong></span> <span class='ocrx_word' id='word_1_895' title='bbox 1113 5470 1172 5551; x_wconf 91' lang='lat' dir='ltr'><strong>ipsi</strong></span> <span class='ocrx_word' id='word_1_896' title='bbox 1188 5471 1291 5534; x_wconf 91' lang='lat' dir='ltr'><strong>multis</strong></span> <span class='ocrx_word' id='word_1_897' title='bbox 1301 5470 1397 5534; x_wconf 90' lang='lat' dir='ltr'><strong>rebus</strong></span> <span class='ocrx_word' id='word_1_898' title='bbox 1407 5478 1530 5552; x_wconf 87' lang='lat' dir='ltr'><strong>egeant.</strong></span> 
     </span>
     <span class='ocr_line' id='line_1_64' title="bbox 214 5553 1953 5634; baseline 0.002 -20"><span class='ocrx_word' id='word_1_899' title='bbox 214 5553 260 5614; x_wconf 86' lang='lat' dir='ltr'><strong>eis</strong></span> <span class='ocrx_word' id='word_1_900' title='bbox 276 5565 396 5625; x_wconf 84' lang='lat' dir='ltr'><strong>aereos,</strong></span> <span class='ocrx_word' id='word_1_901' title='bbox 409 5559 544 5634; x_wconf 90' lang='lat' dir='ltr'><strong>utsupra</strong></span> <span class='ocrx_word' id='word_1_902' title='bbox 556 5563 714 5622; x_wconf 88' lang='lat' dir='ltr'><strong>ostensum</strong></span> <span class='ocrx_word' id='word_1_903' title='bbox 741 5561 799 5633; x_wconf 89' lang='lat' dir='ltr'><strong>ast,</strong></span> <span class='ocrx_word' id='word_1_904' title='bbox 822 5571 877 5619; x_wconf 92' lang='lat' dir='ltr'><strong>eur</strong></span> <span class='ocrx_word' id='word_1_905' title='bbox 902 5570 962 5617; x_wconf 92' lang='lat' dir='ltr'><strong>uon</strong></span> <span class='ocrx_word' id='word_1_906' title='bbox 977 5555 1068 5619; x_wconf 86' lang='grc' dir='ltr'><strong>ιιεειι</strong></span> <span class='ocrx_word' id='word_1_907' title='bbox 1153 5553 1307 5618; x_wconf 88' lang='lat' dir='ltr'><strong>Seouudo:</strong></span> <span class='ocrx_word' id='word_1_908' title='bbox 1324 5553 1399 5628; x_wconf 86' lang='lat' dir='ltr'><strong>Quia</strong></span> <span class='ocrx_word' id='word_1_909' title='bbox 1413 5559 1515 5618; x_wconf 88' lang='lat' dir='ltr'><strong>rotam</strong></span> <span class='ocrx_word' id='word_1_910' title='bbox 1528 5569 1592 5618; x_wconf 89' lang='lat' dir='ltr'><strong>nou</strong></span> <span class='ocrx_word' id='word_1_911' title='bbox 1607 5555 1749 5618; x_wconf 89' lang='lat' dir='ltr'><strong>oonreuit</strong></span> <span class='ocrx_word' id='word_1_912' title='bbox 1762 5555 1888 5634; x_wconf 87' lang='lat' dir='ltr'><strong>sanetis,</strong></span> <span class='ocrx_word' id='word_1_913' title='bbox 1899 5556 1953 5619; x_wconf 89' lang='lat' dir='ltr'><strong>nisi</strong></span> 
     </span>
     <span class='ocr_line' id='line_1_65' title="bbox 214 5635 1952 5719; baseline 0.003 -21"><span class='ocrx_word' id='word_1_914' title='bbox 214 5637 261 5698; x_wconf 88' lang='lat' dir='ltr'><strong>eis</strong></span> <span class='ocrx_word' id='word_1_915' title='bbox 273 5636 328 5698; x_wconf 90' lang='lat' dir='ltr'><strong>isto</strong></span> <span class='ocrx_word' id='word_1_916' title='bbox 343 5635 535 5714; x_wconf 76' lang='lat' dir='ltr'><strong>promitteret</strong></span> <span class='ocrx_word' id='word_1_917' title='bbox 1113 5641 1262 5716; x_wconf 90' lang='lat' dir='ltr'><strong>quatenus</strong></span> <span class='ocrx_word' id='word_1_918' title='bbox 1276 5642 1348 5702; x_wconf 89' lang='lat' dir='ltr'><strong>sunt</strong></span> <span class='ocrx_word' id='word_1_919' title='bbox 1361 5635 1407 5702; x_wconf 86' lang='lat' dir='ltr'><strong>bit</strong></span> <span class='ocrx_word' id='word_1_920' title='bbox 1421 5654 1477 5719; x_wconf 88' lang='lat' dir='ltr'><strong>per</strong></span> <span class='ocrx_word' id='word_1_921' title='bbox 1487 5636 1762 5719; x_wconf 73' lang='lat' dir='ltr'><strong>participationem,</strong></span> <span class='ocrx_word' id='word_1_922' title='bbox 1778 5643 1809 5703; x_wconf 87' lang='grc' dir='ltr'><strong>ιι</strong></span> <span class='ocrx_word' id='word_1_923' title='bbox 1821 5645 1952 5718; x_wconf 84' lang='lat' dir='ltr'><strong>sanatos,</strong></span> 
     </span>
    </p>
   </div>
   <div class='ocr_carea' id='block_1_3' title="bbox 0 0 2074 6292">
    <p class='ocr_par' dir='ltr' id='par_1_3' title="bbox 0 0 2074 6292">
     <span class='ocr_line' id='line_1_66' title="bbox 0 0 2074 6292; baseline 0 0"><span class='ocrx_word' id='word_1_924' title='bbox 0 0 2074 6292; x_wconf 95' lang='lat' dir='ltr'><strong> </strong></span> 
     </span>
    </p>
   </div>
  </div>
 </body>
</html>
