4086 6296
829 356 928 418 athan
946 357 1124 418 SECUNDUS

78 507 168 600 ptum
179 447 469 581 praedicatoribus,
491 489 676 557 attinerent
689 500 727 553 ax
741 489 849 570 papuli
863 505 948 555 sum·
1311 483 1432 550 cleda
1446 485 1547 554 xblt.

80 585 320 728 ptumorum
333 657 427 722 dico:
452 655 619 736 Apostolos
633 669 673 717 ex
685 652 810 716 Domini
825 651 949 716 ordina·

79 747 167 810 tione
180 742 323 824 potuisse
337 738 506 818 aliquando
521 753 560 800 ax
570 734 690 817 justitia
700 740 808 818 petere
823 749 838 796 a
852 749 950 814 popu·

78 829 113 891 lo
127 831 285 904 sumptus,
297 819 464 899 aliquando
479 834 518 882 ex
533 818 711 898 aequitate,
730 815 897 896 aliquando
912 829 951 878 ex

79 909 147 972 sola
162 906 323 970 charitate.
338 903 397 966 Pro
423 917 485 980 quo
501 905 573 964 nota
599 915 638 962 ex
652 900 775 962 tristot.
794 897 848 960 tib.
864 896 897 959 8.
913 897 951 957 tl·
1038 897 1073 959 dt
1086 895 1119 958 in
1132 895 1319 960 contrarium
1345 894 1500 976 objiciunt
1513 896 1645 975 plurima
1662 905 1842 978 argumenta
1859 945 1867 976 ,

80 992 194 1053 thicon.
211 1001 283 1066 cap.
301 984 352 1048 tt.
368 982 525 1062 duplicem
538 996 611 1044 csse
622 980 786 1061 iustitiam3
801 995 894 1042 unam
907 979 951 1042 le·
998 980 1056 1042 scd
1071 977 1174 1041 omnia
1200 979 1393 1041 reducuntur
1416 979 1455 1040 ad
1471 995 1540 1041 sex.
1556 978 1693 1042 Primum
1708 987 1779 1056 est,
1819 983 1869 1046 uia

80 1071 245 1151 gitimam,
282 1067 411 1130 aiteram
434 1063 597 1126 moralem.
633 1062 783 1142 Legitima
812 1060 951 1130 dicitur.
997 1061 1183 1126 mendicitas
1195 1059 1267 1139 jure
1286 1060 1392 1123 divino
1416 1065 1449 1120 et
1476 1060 1611 1123 humano
1627 1062 1780 1140 prohibita
1796 999 1868 1141 gen

81 1152 210 1232 quanm
234 1148 384 1228 exlege,
410 1151 461 1208 aut
491 1151 582 1222 preto
611 1160 694 1208 unus
719 1142 840 1222 cogitur
864 1143 953 1206 alteri
998 1159 1068 1204 nam
1084 1141 1124 1204 de
1137 1141 1209 1221 iure
1233 1142 1339 1205 diriuc
1360 1145 1444 1220 patet
1468 1141 1640 1206 benteron.
1658 1143 1709 1205 15.
1729 1143 1868 1210 Οοιοοοο

79 1222 201 1312 aliquid
211 1230 344 1294 solrere.
360 1227 484 1290 floralis
499 1225 654 1302 ‚dicitur,
671 1225 795 1302 quando
819 1224 889 1286 sine
901 1241 954 1302 pa·
997 1225 1151 1302 indigeres
1180 1228 1209 1286 et
1221 1223 1394 1286 mendicate
1407 1237 1478 1285 non
1493 1225 1554 1286 crit
1568 1225 1655 1287 inter
1669 1241 1739 1288 coa.
1751 1225 1877 1290 beha-¹

79 1321 132 1378 cto
147 1362 155 1386 ,
171 1317 224 1375 aut
236 1311 308 1390 lage
332 1307 556 1372 unuslahorat
578 1323 634 1387 pro
659 1307 742 1378 alio,
766 1304 807 1368 ita
831 1309 866 1369 ut
881 1321 954 1368 eoa·
1000 1321 1091 1368 mano
1107 1309 1193 1384 patet
1207 1320 1245 1367 cx
1260 1303 1294 1368 C.
1311 1305 1351 1368 do
1366 1303 1618 1370 mendicantibus
1633 1306 1743 1371 validis
1755 1308 1868 1372 lih.tl.

79 1400 189 1475 surgat
202 1390 359 1472 obligatio.
374 1391 527 1469 quaedam
543 1386 767 1468 compensandi
792 1387 954 1462 taboram,
998 1403 1069 1466 cap.
1085 1386 1138 1450 25.

79 1478 139 1541 sed
163 1481 266 1538 hmen
303 1487 368 1536 aon
400 1470 501 1550 possit
528 1487 599 1535 eum
629 1469 818 1549 compellere
852 1467 891 1530 ad
924 1484 955 1532 a·
1041 1467 1228 1547 Respondeo
1243 1485 1251 1526 :
1269 1467 1422 1541 Quantum
1446 1470 1485 1531 ad
1500 1469 1603 1548 legem
1625 1469 1782 1546 diuinam,
1800 1470 1870 1534 sine

77 1557 218 1640 jusmodi
232 1553 530 1635 compensationem.
553 1552 619 1615 iam
643 1549 958 1616 Dominusordinarit
1001 1551 1097 1614 dubio
1124 1565 1187 1612 non
1212 1550 1372 1628 prohiberi
1398 1567 1434 1614 ea
1449 1552 1520 1630 lege
1546 1550 1805 1616 nundinationem
1821 1555 1870 1615 rel

80 1653 140 1704 eos
160 1638 214 1719 qut
235 1633 431 1718 evangelium
444 1635 635 1699 annunciant
648 1680 657 1709 ,
672 1635 712 1696 de
736 1631 899 1710 evaugelio
913 1632 958 1696 ri·
1000 1631 1243 1706 mendicitatem,
1261 1648 1331 1694 cum
1347 1633 1378 1694 in
1390 1633 1502 1696 eodem
1517 1632 1619 1712 capite
1634 1633 1870 1699 habeaturtlion

81 1736 170 1786 rara.
1002 1715 1140 1779 decant
1162 1729 1325 1793 pauperes
1338 1715 1377 1777 in
1392 1719 1480 1780 terro
1504 1719 1563 1778 tua
1577 1719 1635 1778 ctc.
1653 1711 1716 1780 lieo
1731 1716 1811 1779 valet
1823 1733 1870 1780 re·

122 1802 208 1866 llaec
221 1797 375 1864 ordinatio
389 1803 537 1877 respectu
563 1797 670 1860 tidelis
697 1793 803 1875 popuii
830 1797 862 1856 et
875 1794 958 1858 ordi·
1002 1797 1133 1876 sponsio
1148 1796 1268 1875 barani,
1285 1796 1338 1874 qui
1354 1794 1444 1868 dicit,
1461 1797 1492 1858 in
1509 1796 1668 1876 prioribus
1681 1798 1785 1861 verbis
1800 1814 1869 1879 pro·

79 1883 243 1948 nudorum
256 1887 428 1962 pastorum,
445 1883 493 1942 est
507 1885 710 1960 praeceptum
721 1875 858 1958 justitiae
871 1878 904 1940 in
919 1876 959 1940 ri·
1003 1877 1106 1940 hiberi
1122 1877 1264 1956 publicos
1279 1877 1503 1954 mendicantes,
1518 1881 1548 1940 in
1562 1877 1787 1956 posterioribus
1797 1895 1871 1942 roro

79 1981 170 2046 gare3
185 1963 311 2044 quando
325 1961 409 2026 euim
425 1961 601 2025 cosbtaitur
625 1959 738 2040 aliquis
764 1963 881 2037 pastor,
899 1974 953 2036 po·
1001 1959 1051 2039 agi
1065 1959 1105 2022 dc
1120 1959 1322 2038 pauperibus,
1340 1961 1395 2037 qui
1410 1960 1470 2022 etsi
1484 1959 1627 2040 indigent
1641 1960 1770 2024 aliorum
1787 1961 1871 2025 auxi·

79 2052 144 2110 test
156 2045 295 2128 populus
319 2057 391 2106 eum
406 2057 521 2124 cogere
536 2043 574 2108 ad
589 2041 763 2120 spiritualia
777 2039 955 2106 ministran-
999 2041 1054 2114 lio,
1072 2046 1175 2133 tamon
1191 2055 1252 2102 noa
1269 2039 1386 2104 debent
1399 2041 1593 2117 mendicare,
1609 2042 1666 2105 sed
1682 2043 1777 2108 debet
1791 2044 1870 2108 elsa

79 2129 133 2200 da,
149 2135 182 2192 et
196 2131 302 2207 pastor
313 2129 419 2204 potest
442 2139 556 2206 cogere
571 2126 723 2204 populum
746 2122 785 2186 ad
802 2126 955 2200 tempora·
999 2121 1145 2186 diritihns
1160 2121 1395 2193 ororiderilton
1411 2123 1491 2186 vaiet
1505 2124 1563 2186 ista
1575 2123 1777 2200 solati03nam
1789 2133 1871 2188 utro·

78 2208 122 2272 lia
137 2208 251 2284 danda,
269 2212 301 2271 et
313 2209 375 2270 hoc
390 2205 482 2270 modo
498 2213 639 2287 poterant
650 2204 783 2285 apostoli
801 2211 954 2282 tamquam
999 2204 1151 2284 hiqueest
1161 2211 1272 2282 itiner
1286 2205 1368 2284 quod
1382 2203 1670 2285 propriesignibcat
1680 2206 1871 2280 mendicum,

78 2290 224 2369 episcopi
237 2303 352 2370 cogere
363 2286 557 2352 christianos
569 2289 606 2352 ad
619 2293 763 2367 sumptus
777 2284 952 2362 iaciendos3
1000 2293 1032 2349 et
1046 2286 1084 2348 ad
1101 2285 1229 2348 verbum
1246 2286 1321 2350 verti
1338 2292 1493 2367 poterant,
1510 2302 1574 2350 non
1588 2287 1723 2350 deerunt
1737 2289 1872 2354 mendici

79 2372 278 2468 direspectu
293 2371 401 2450 papati
416 2369 576 2445 intldaiis,
602 2371 652 2434 rel
665 2368 799 2450 pastoris
825 2383 887 2430 nou
906 2383 954 2430 or·
999 2367 1030 2432 in
1046 2374 1127 2431 terra
1151 2375 1224 2443 tua,
1241 2369 1323 2431 sicut
1343 2384 1437 2447 sopra
1463 2369 1602 2432 dixerat:
1618 2369 1790 2436 Maedicae
1802 2386 1873 2434 non

79 2453 262 2529 dinarir,illa
277 2450 432 2516 ordinatio
446 2467 510 2516 noo
524 2453 646 2517 inducit
655 2451 791 2532 rigorem
802 2449 953 2530 justitiae,
998 2451 1060 2516 crit
1073 2452 1161 2514 inter
1174 2464 1242 2512 cae.
1260 2449 1297 2512 lit
1311 2457 1472 2528 praeterea
1487 2451 1569 2528 apud
1583 2451 1719 2516 ludaeos
1735 2453 1871 2526 multia-

80 2534 140 2598 eed
170 2534 336 2614 qnamdam
361 2532 571 2612 aequitatum,
605 2550 665 2599 seu
689 2529 838 2595 moralem
863 2530 955 2610 justi·
998 2538 1067 2597 rant
1081 2531 1229 2606 mendici,
1247 2537 1280 2596 ut
1295 2537 1378 2610 patet
1393 2533 1495 2596 hucac
1512 2532 1563 2594 tc.
1580 2531 1620 2595 de
1635 2531 1871 2608 Lazaro,hucac

79 2617 184 2689 tiara,
209 2623 241 2680 ot
269 2616 331 2678 hoc
359 2613 452 2678 modo
482 2616 614 2696 apostoli
643 2613 768 2694 quando
797 2613 955 2692 praedica·
1000 2613 1050 2676 te.
1069 2613 1108 2677 do
1125 2627 1219 2677 caeco
1235 2629 1329 2675 secus
1345 2613 1424 2674 viam
1446 2613 1662 2689 mendicante,
1677 2614 1766 2678 Jonn.
1783 2615 1814 2677 9.
1831 2619 1872 2680 de

79 2697 158 2761 hant
172 2695 301 2762 iudaeis
332 2697 402 2775 ipso
418 2693 540 2761 Christo
569 2699 691 2762 virente
708 2739 717 2768 ,
734 2709 798 2758 non
814 2699 956 2773 poterant
998 2695 1059 2758 alio
1074 2709 1167 2758 caeco
1182 2695 1391 2768 ruendicaute,
1411 2695 1513 2758 detor.
1530 2694 1560 2757 3.
1571 2695 1610 2758 de
1626 2696 1736 2760 claudo
1753 2699 1872 2761 meudi-

82 2795 200 2858 oogere
213 2777 364 2859 populum
388 2777 427 2840 ad
443 2786 589 2859 sumptus
602 2777 764 2843 iaciendos
782 2793 791 2850 3
809 2791 879 2836 nam
894 2791 955 2838 nec
998 2782 1089 2840 cante
1104 2773 1141 2838 ad
1157 2781 1277 2854 portam
1296 2774 1402 2852 templi
1418 2776 1609 2854 speciosam.

79 2862 220 2940 populus
249 2864 433 2938 susceperat
462 2861 659 2941 evangelium
684 2857 862 2936 atapostoti
878 2873 955 2920 non·
1039 2858 1085 2921 hd
1101 2857 1155 2921 illa
1182 2857 1275 2936 igitur
1290 2857 1408 2920 rerba:
1432 2859 1502 2921 Non
1516 2859 1578 2921 aaut
1602 2859 1874 2924 mendicissima

79 2943 158 3004 dum
182 2948 270 3006 erant
295 2946 439 3020 pastores
467 2942 614 3006 ordinarii
632 2958 642 3019 ς
667 2955 739 3004 οοοι
751 2939 854 3002 adbuc
870 2942 955 3002 tene·
997 2955 1066 3018 noa.
1083 2938 1261 3018 respondeo
1277 2939 1458 3017 dupliciter.
1471 2938 1596 3014 Primo,
1613 2939 1678 3003 illis
1692 2941 1795 3006 rerhis
1811 2959 1873 3006 non

79 3023 197 3087 bantur
210 3022 321 3087 Judaai
336 3038 509 3102 agnoscere
526 3024 707 3088 sacerdotes
721 3020 884 3084 aaroniccs
901 3065 910 3095 ,
927 3026 958 3084 et
999 3020 1158 3100 prohiberi
1174 3019 1419 3094 mendicitatem,
1430 3021 1487 3086 sed
1503 3021 1637 3099 promitti
1654 3027 1770 3086 tantmn
1781 3023 1873 3087 ubcr·

80 3103 130 3168 eis
144 3104 284 3168 decimas
310 3105 448 3168 solvere.
477 3105 586 3184 ltaque
607 3103 740 3185 apostoli
757 3100 957 3180 accipiebant
1000 3108 1093 3168 tatem
1108 3117 1211 3166 rerum
1226 3145 1235 3176 ,
1252 3107 1286 3164 ut
1302 3103 1407 3165 nultus
1428 3101 1469 3166 sit
1480 3101 1602 3166 iuturus
1617 3104 1803 3183 mendicus;
1820 3107 1873 3188 qui

80 3191 230 3267 sumptus
254 3202 292 3250 ert
307 3185 418 3250 morali
429 3185 549 3258 iustitia
567 3233 575 3262 ,
601 3187 652 3252 rel
667 3182 815 3265 petebant
830 3199 869 3248 cx
883 3183 955 3246 cha·
1000 3200 1116 3248 sensus
1133 3184 1265 3258 marimo
1281 3185 1426 3248 conuenit
1441 3183 1581 3248 hebraeo
1596 3186 1691 3248 textui
1706 3232 1714 3261 ,
1731 3188 1874 3268 sequitur

83 3269 188 3332 ritate.
223 3319 226 3324 .
1001 3268 1084 3328 enim
1111 3265 1314 3329 immediate:
1345 3264 1429 3342 Quia
1453 3265 1621 3330 bencdicct
1642 3267 1701 3331 tibi
1714 3268 1873 3334 bonanus
1948 3331 1952 3340 ,

122 3348 189 3412 Jam
205 3348 345 3429 religiosi
358 3348 585 3428 mendicantes,
600 3349 653 3428 oui
664 3349 857 3412 mittuntnra
874 3363 957 3410 sum·
999 3347 1452 3427 Dercataroa.Nequorepugnat
1462 3348 1540 3411 haec
1553 3349 1719 3428 promissio
1731 3350 1795 3414 illis
1806 3367 1872 3415 rer-

80 3447 135 3492 mo
149 3429 299 3510 pandiae
322 3430 362 3496 ad
378 3432 621 3509 praedicandum
647 3438 678 3494 et
693 3433 884 3495 sacramenta
901 3429 955 3490 mi·
999 3429 1050 3497 his
1064 3448 1072 3491 ι
1088 3430 1157 3493 lion
1172 3430 1274 3492 deerit
1297 3431 1468 3494 mendicus
1482 3430 1521 3492 in
1543 3433 1632 3494 terro
1646 3436 1706 3494 tna
1721 3438 1779 3496 cte.
1796 3433 1871 3496 liam

79 3513 241 3576 nistrauda
255 3517 400 3591 poterant
413 3512 517 3578 iacere
533 3522 655 3595 pactum
672 3528 743 3576 cum
769 3511 838 3589 ipso
852 3511 955 3588 ponti·
1001 3511 1169 3590 promissio
1185 3518 1250 3580 erat
1261 3509 1538 3576 conditionatasic
1550 3511 1634 3575 enim
1646 3514 1788 3592 sequitur
1800 3523 1871 3594 post

81 3593 155 3668 tica,
173 3594 220 3657 vel
237 3610 307 3656 cum
323 3595 440 3675 populo
456 3595 495 3658 de
510 3595 689 3676 sumptibus
703 3591 910 3671 accipiendis,
926 3599 958 3655 ct
1000 3594 1084 3656 illam
1100 3591 1394 3670 promissionem38t
1408 3597 1518 3656 tumea
1530 3594 1679 3657 audieris
1690 3612 1801 3659 aoccrn
1812 3596 1872 3660 Da·

80 3682 157 3739 tnnc
170 3690 208 3737 ex
222 3674 326 3755 rigore
335 3675 474 3756 iustitiae
486 3678 558 3742 illos
569 3678 744 3757 petiissent.
759 3674 901 3736 Poterant
912 3681 955 3736 et·
999 3677 1085 3740 mini
1097 3673 1156 3738 Dei
1170 3675 1231 3749 tut,
1241 3680 1270 3738 ct
1284 3676 1474 3739 cantodieris
1488 3676 1747 3756 uniuerso,pooe
1755 3677 1870 3754 jussit.

79 3757 144 3820 iam
160 3757 238 3820 mitti
261 3757 439 3835 apontitlce
466 3774 504 3822 co
519 3761 612 3824 modo
630 3806 638 3831 ,
656 3774 717 3836 ouo
745 3755 885 3818 Christus
901 3756 956 3817 mi·
999 3756 1197 3836 aequoniam
1223 3757 1343 3820 sciehat
1357 3756 1441 3819 heus
1462 3757 1551 3819 istam
1577 3758 1789 3821 conditionem
1806 3777 1870 3824 non

80 3841 123 3902 sit
138 3839 299 3918 apostotos
315 3839 353 3902 ad
368 3839 516 3919 Judaeos,
540 3850 703 3919 antequam
720 3839 769 3902 lex
786 3845 873 3899 vetus
887 3852 955 3900 ces·
998 3838 1195 3910 servandam,
1212 3837 1375 3917 praedicit,
1393 3854 1561 3917 numquam
1577 3839 1736 3906 delaturos
1748 3842 1867 3905 mendi·

79 3927 198 3992 nasset,
215 3920 360 3984 nimirum
375 3929 410 3984 ut
423 3939 461 3984 ex
475 3924 607 4004 quadam
635 3921 788 3998 aequitate
815 3925 956 3996 peterent
999 3937 1066 3994 cos,
1083 3925 1114 3984 et
1130 3926 1246 3990 monet,
1262 3926 1297 3984 ut
1311 3919 1374 3982 illis
1389 3919 1598 3982 benefaciant.

80 4009 239 4081 sumptus;
256 4019 326 4064 nam
342 4004 462 4082 dignm
474 4011 520 4070 cat
531 4005 704 4085 operariae
717 4002 864 4066 mercede
878 4015 952 4075 auo,
1042 4001 1186 4066 Secundo
1207 4002 1276 4074 dici,
1298 4007 1405 4081 posset
1418 4018 1489 4064 cum
1504 4001 1537 4063 h.
1553 4003 1669 4065 thoma
1684 4003 1717 4067 in
1732 4019 1867 4084 opuscu-

78 4091 116 4145 et
132 4084 185 4163 qui
201 4083 398 4163 evangelium
414 4089 593 4160 annunciat,
622 4086 661 4148 de
677 4082 839 4163 evaugelio
852 4081 954 4146 rivere
999 4085 1030 4150 lo
1046 4089 1152 4148 cnntm
1168 4084 1387 4164 impugnantes
1401 4083 1660 4162 religionem,hac
1674 4085 1745 4164 lege
1761 4087 1866 4164 prohi-

79 4164 190 4228 dehat.
205 4164 271 4241 tlon
286 4166 371 4228 enim
385 4165 527 4233 christus
539 4169 628 4243 diarii,
645 4167 698 4244 uui
713 4171 763 4228 est
776 4163 953 4227 ordinarius
998 4165 1066 4228 beri
1080 4165 1360 4236 mendicationem,
1378 4181 1440 4227 non
1456 4180 1492 4226 en
1509 4171 1595 4244 parte
1611 4166 1866 4243 mendicantium,

78 4246 271 4325 evangelista
288 4247 401 4326 dignus
416 4255 465 4311 est
479 4250 625 4320 mercede
640 4265 696 4311 sua
717 4293 724 4316 ,
752 4247 806 4309 sad
832 4247 952 4325 dignos
998 4248 1056 4312 sed
1072 4263 1110 4310 ex
1125 4252 1211 4326 parte
1227 4246 1435 4310 divitumltcn
1449 4247 1530 4308 enim
1543 4247 1627 4310 bons
1639 4248 1783 4326 prohibet
1794 4267 1870 4328 pau,

79 4335 127 4391 cat
141 4328 325 4406 operariam,
342 4329 435 4404 idest,
451 4334 641 4412 quietamque
654 4331 684 4392 id
697 4333 841 4407 operatur
855 4327 952 4402 licite,
998 4329 1128 4409 peribus
1143 4327 1416 4402 mendicationem,
1433 4345 1503 4391 cum
1520 4329 1597 4390 inira
1614 4329 1705 4405 dicat,
1718 4346 1780 4394 non
1795 4332 1868 4394 dee·

79 4409 196 4488 dignus
211 4417 260 4472 est
274 4412 421 4475 mercede
433 4427 502 4478 sua:
516 4421 547 4478 et
561 4415 639 4476 haec
650 4411 706 4474 luit
720 4425 867 4488 expressa
881 4424 953 4471 san·
997 4416 1071 4474 runt
1086 4411 1234 4486 mendici,
1250 4413 1306 4474 sed
1323 4410 1474 4490 praecipit
1489 4409 1653 4486 divitibus,
1671 4418 1704 4472 ut
1720 4419 1867 4488 quantum

79 4491 177 4552 tentia
191 4490 355 4569 Augustini
370 4495 409 4556 de
421 4510 517 4575 opera
529 4494 764 4562 monachorum,
783 4491 884 4569 capite
899 4490 951 4553 21.
998 4498 1047 4556 est
1060 4491 1092 4554 in
1109 4509 1155 4568 se,
1173 4493 1355 4572 provideant
1369 4493 1409 4555 ita
1426 4508 1597 4572 pauperum
1614 4493 1866 4574 necessitatibus,

79 4571 190 4634 Visum
207 4579 311 4635 tamen
338 4580 387 4638 est
411 4577 525 4640 melius
551 4582 612 4640 tam
638 4573 778 4654 pontitici
807 4573 951 4647 mittenti,
999 4581 1033 4636 ut
1048 4572 1128 4636 nulli
1142 4581 1292 4654 cogantur
1307 4573 1611 4638 mendicare'dtelicr
1626 4579 1675 4636 est
1690 4580 1794 4638 tamen
1807 4579 1868 4656 pri·

79 4668 177 4733 quam
192 4655 269 4730 ipsis
285 4655 337 4732 qui
354 4658 529 4732 mittuntur,
559 4663 593 4720 ut
623 4673 685 4718 nun
716 4660 857 4733 peterent
886 4654 951 4716 uilo
994 4672 1033 4722 or
1047 4655 1184 4733 saluti03
1201 4673 1272 4720 nam
1288 4655 1315 4720 si
1331 4656 1482 4720 hominus
1503 4655 1655 4734 iussisset
1670 4655 1818 4722 diuitibus
1836 4666 1868 4722 ut

78 4735 175 4797 modo
190 4749 227 4798 ex
241 4735 371 4815 justitia,
387 4740 435 4801 tel
446 4740 614 4820 acqmtata,
630 4737 686 4800 sed
709 4737 811 4803 solum
828 4751 866 4798 ex
881 4736 952 4798 aha·
997 4752 1060 4799 non
1076 4743 1256 4817 paterentur
1270 4737 1634 4816 mendicos,peccassent
1646 4737 1757 4802 divites
1768 4739 1801 4801 in
1813 4757 1866 4818 po·

77 4819 183 4888 ritate,
206 4817 287 4878 sicot
301 4816 361 4896 ipsi
378 4836 441 4884 uon
462 4839 500 4888 ex
515 4821 632 4897 debito,
658 4821 715 4884 sed
742 4832 780 4881 ert
801 4818 951 4881 charitate
997 4816 1072 4897 pulo
1087 4817 1273 4882 ludaeorum
1289 4867 1297 4894 ,
1314 4821 1365 4898 qui
1381 4835 1487 4882 revera
1514 4819 1734 4897 permittebant
1748 4823 1867 4885 mondi-

81 4899 262 4960 ministrant
276 4901 460 4978 spiritualia.
997 4917 1052 4964 cos
1069 4906 1207 4979 tempore
1222 4901 1381 4977 Christiet
1392 4908 1494 4962 tamen
1510 4916 1679 4980 numquam
1696 4901 1735 4963 de
1749 4902 1808 4965 hcc
1820 4918 1867 4966 re·

122 4978 226 5041 'lertio
252 4987 283 5044 et
298 4982 408 5046 ultimo
433 4985 581 5064 probatur
594 5000 633 5048 ex
649 4988 783 5057 euentu,
802 4997 872 5042 narn
889 4981 950 5044 hoc
997 4983 1148 5056 prehensi
1173 4984 1318 5062 leguntur
1333 5001 1348 5045 a
1366 4982 1508 5054 Christo,
1531 4997 1634 5060 nequo
1650 4982 1688 5044 ab
1704 4977 1865 5061 apostolis.

77 5075 183 5140 genus
194 5062 274 5125 vitae
285 5061 460 5130 innumeris
471 5067 571 5146 signis
583 5073 615 5130 et
626 5063 777 5144 prodigiis
789 5061 951 5126 cortirma·
998 5064 1158 5128 Praeterea
1175 5110 1183 5136 ,
1200 5063 1229 5126 si
1243 5065 1393 5138 Dominus
1409 5063 1451 5126 ibi
1467 5063 1627 5142 prohibuit
1643 5063 1812 5140 divitibus,
1829 5085 1870 5130 ne

77 5150 146 5205 tum
162 5145 411 5222 est,quae1leus
426 5149 524 5214 edidit
539 5163 595 5229 per
610 5151 736 5212 sanctos
751 5145 950 5208 dranciseum
998 5146 1214 5225 permitterent
1235 5146 1409 5217 mendicos,
1428 5146 1585 5225 quomodo
1612 5145 1728 5209 ibidem
1751 5149 1870 5227 praeci·

76 5231 110 5287 et
126 5223 336 5302 homininum,
354 5235 497 5294 auctores
513 5231 607 5310 hujus
622 5230 713 5299 ritae,
732 5227 845 5292 deinde
861 5225 899 5286 ah
913 5241 950 5290 ee
997 5229 1043 5370 Bit
1064 5228 1233 5317 divitibus,
1257 5233 1290 5290 ut
1313 5225 1465 5290 mendicis
1492 5227 1704 5309 elemosynam
1732 5228 1872 5294 iaciant?

78 5313 245 5384 tempore,
277 5313 441 5375 conversio
470 5313 649 5391 gentilium,
682 5309 848 5373 confutatio
878 5307 949 5372 hae·
1020 5327 1090 5374 orro
1105 5311 1154 5374 lex
1170 5309 1268 5372 civilis
1282 5308 1419 5388 loquitur
1434 5309 1473 5371 dh
1496 5308 1570 5384 illis,
1584 5309 1652 5390 'qui
1668 5311 1869 5387 mendicant,

76 5387 274 5464 reticerem,
302 5392 404 5468 pietas
433 5393 542 5473 populi
571 5392 731 5457 christiani
749 5435 758 5462 ,
786 5405 949 5452 conserta·
996 5397 1030 5454 ut
1044 5392 1145 5456 otiose
1160 5392 1273 5467 vivant,
1296 5390 1344 5452 vel
1362 5396 1394 5454 ut
1409 5390 1570 5453 lucrentur
1586 5397 1648 5455 etc.
1666 5409 1737 5457 cum
1754 5395 1871 5467 nulium

79 5472 125 5532 tio
142 5469 346 5550 theologiae,
370 5475 578 5540 etiannmera
607 5475 664 5536 alia
690 5474 770 5534 bona
787 5470 949 5534 ordinibus
995 5473 1136 5536 adierant
1149 5474 1267 5555 populo
1280 5472 1455 5537 utilitatem.
1487 5469 1576 5535 tinde
1606 5473 1725 5539 ibidem
1755 5475 1873 5542 inertes

77 5553 324 5616 mendicantium
341 5552 947 5638 marimuerparteacceptareferenda
995 5555 1154 5618 dicuntur.
1311 5551 1317 5564 '

80 5639 168 5696 sunt.
1037 5640 1260 5717 Argumentum
1278 5636 1466 5704 secundum.
1491 5635 1651 5714 Scriptura
1676 5641 1792 5718 passim
1819 5642 1873 5710 de·

157 5728 327 5785 deteantur.
342 5730 402 5788 Vol.
419 5729 451 5790 il.
1272 5717 1276 5730 ’
1548 5737 1584 5788 tu

1233 699 1413 766 Solvuntur
1428 697 1630 780 abiectiones.
