4098 6294
751 1615 1185 1744 uuluulrru
1306 1527 1395 1754 ‚³
1510 1717 1513 1724 ,

938 1975 982 2034 DE

322 2279 836 2458 uuuuusm
897 2272 1596 2450 unruuuauuu

592 2723 1321 2858 sruununuuurlurcumuslucruuurr
1388 2770 1426 2854 j

126 3515 321 3582 Pervenimus
336 3516 457 3580 taudem
472 3518 509 3582 nd
522 3534 588 3582 eam
600 3519 756 3584 Ecclesiae
768 3520 935 3584 catholicae
981 3521 1036 3586 sed
1052 3521 1143 3584 etiam
1157 3520 1377 3600 grauissimam,
1391 3511 1658 3598 justissimamque
1673 3493 1766 3561 diuini
1783 3508 1838 3556 nu·

84 3608 202 3682 partem
216 3601 330 3665 uostris
344 3600 829 3680 disputationibusillustrandam,
845 3609 936 3682 alque
982 3604 1074 3667 minis
1088 3605 1163 3665 iram
1178 3602 1357 3666 mortalibus
1372 3596 1515 3662 omnibus
1530 3586 1707 3677 conciliant.

84 3685 125 3746 ab
139 3683 360 3754 baereticorum
374 3699 437 3747 uon
453 3691 512 3746 lam
526 3685 725 3764 argumentis,
748 3701 836 3763 quam
852 3701 937 3749 men·
1022 3686 1140 3747 illenim
1155 3687 1247 3748 multa
1262 3691 1343 3760 suut,
1360 3681 1472 3760 quibus
1486 3694 1505 3739 a
1518 3670 1608 3736 nubis
1622 3663 1843 3752 hujustempo·

84 3767 182 3830 daulis
210 3772 241 3828 et
254 3766 417 3829 calumniis
432 3767 648 3830 uindicandum
663 3813 671 3836 .
689 3782 769 3846 quae
793 3767 825 3829 iu
850 3769 938 3831 coelo
982 3769 1026 3830 ris
1040 3769 1186 3830 baeretici
1201 3766 1349 3840 diffident,
1365 3764 1459 3827 multa
1474 3759 1517 3822 illi
1531 3755 1563 3818 in
1576 3742 1842 3840 nostraEcclcha,

84 3850 174 3911 beata
197 3864 266 3911 cum
280 3864 354 3926 rege
368 3865 425 3912 suo
438 3849 557 3914 Christo
579 3866 653 3912 aero
668 3848 856 3930 sempiterno
868 3849 939 3913 irui·
984 3851 1120 3930 templis,
1142 3849 1346 3923 monasteriis,
1361 3841 1539 3928 gymnasiis,
1561 3827 1765 3913 dogmatibus,
1781 3823 1845 3886 lli!-

85 3940 146 3994 tur.
163 3933 351 4008 Quamquam
367 3933 448 3994 enim
464 3933 571 3996 benme
594 3933 665 3996 illae
692 3941 866 3996 sauctorum
888 3951 939 3996 an·
983 3934 1055 4006 bus,
1073 3933 1249 3996 bominibus
1264 3932 1398 4011 denique
1422 3925 1559 3990 omniurn
1582 3914 1724 3979 ordinum
1741 3921 1844 3984 repre·

85 4015 238 4094 gelorum,
254 4021 345 4108 alque
365 4014 525 4078 homiuum
551 4023 670 4078 mentes
691 4018 823 4079 bumana
836 4017 941 4078 dalen-
989 4017 1140 4087 bendum,
1162 4017 1257 4079 multa
1278 4014 1466 4084 desiderant,
1484 4003 1577 4068 multa
1593 3997 1738 4091 carpunt,
1754 3987 1849 4082 mulii

85 4095 420 4192 sionepraesrdioque
435 4115 490 4177 pro
502 4114 537 4161 se
548 4115 610 4161 nnn
627 4107 747 4178 egeant,
763 4115 833 4162 cum
844 4099 877 4176 iu
900 4099 942 4162 al·
986 4099 1176 4162 emendanda
1205 4105 1236 4160 et
1250 4095 1429 4178 corrigenda
1445 4104 1516 4155 esse
1537 4082 1701 4146 clamitant:
1728 4071 1783 4136 sed
1799 4085 1844 4132 nl·

84 4186 215 4242 tissimrs
237 4185 268 4242 ot
289 4180 449 4243 tutissimis
472 4181 594 4244 arcibus
616 4183 783 4244 collocatae
814 4182 855 4245 de
873 4182 942 4244 uni-
987 4185 1030 4247 hil
1053 4187 1111 4256 est,
1141 4181 1223 4261 quod
1251 4181 1443 4249 exhorreant,
1473 4176 1503 4236 et
1529 4165 1711 4254 campaniur
1735 4151 1846 4230 magis,
1861 4153 1919 4210 (Μ’

84 4266 184 4324 vorsis
207 4262 348 4325 hostibus
363 4263 429 4326 suis
453 4279 547 4334 noros
569 4264 706 4344 quotidie
729 4263 943 4345 triumphose·
989 4281 1078 4345 quam
1100 4264 1324 4328 invocationem
1346 4265 1533 4323 sanctornm,
1562 4245 1758 4340 reliquiarum
1780 4233 1845 4298 cul·

86 4351 171 4440 gant,
188 4361 224 4407 ac
235 4343 283 4425 (ιιι
297 4360 324 4408 s.
340 4344 476 4424 loquitur
497 4345 679 4428 Cyprianus)
692 4363 818 4427 prorsus
836 4349 875 4412 (te
889 4365 945 4410 sna
988 4354 1066 4420 turn,
1081 4345 1249 4426 imaginum
1264 4343 1502 4409 uenerationem.
1518 4332 1573 4397 llis
1584 4340 1667 4392 enrm
1677 4319 1849 4418 tribuemu-

85 4429 231 4521 lelicrlate
252 4443 407 4522 securae,
430 4427 531 4491 solum
557 4429 597 4492 de
626 4437 727 4494 nostra
749 4431 812 4492 sint
827 4431 945 4496 incolu·
991 4431 1132 4492 nilestam
1152 4412 1767 4509 impietatemaridololatriamconunerr
1788 4398 1851 4460 rol·-

86 4517 192 4604 1uuate
206 4510 368 4605 sollicitae:
387 4511 479 4580 llobis
492 4518 591 4574 umen
614 4513 743 4591 perutile
758 4520 827 4586 est,
850 4530 897 4589 ac,
916 4521 948 4576 ut
991 4515 1069 4576 lunt.
1092 4513 1156 4575 lloc
1178 4528 1239 4574 uno
1260 4510 1354 4575 veluti
1373 4506 1467 4588 pallio
1488 4500 1713 4584 discessionem
1732 4496 1853 4547 sucmtt

85 4609 190 4655 uerius
202 4593 302 4654 nicam
316 4638 324 4668 ,
340 4594 444 4657 multis
471 4594 651 4660 nominibus
676 4595 898 4670 necessarium,
915 4603 949 4659 ut
992 4595 1094 4670 uobis,
1111 4596 1170 4658 boc
1185 4600 1244 4668 est,
1261 4593 1385 4672 impiam
1400 4589 1438 4652 ab
1450 4579 1587 4648 lloclesia
1603 4569 1752 4672 calholica
1763 4579 1852 4644 sapa-

87 4681 267 4738 sanctornm
285 4676 380 4754 gloria
397 4677 464 4738 orbi
482 4683 629 4740 terrarum
645 4684 715 4742 nota
734 4725 742 4753 ‚
772 4685 863 4758 atque
879 4695 949 4758 per·
992 4678 1140 4741 rationem
1157 4683 1188 4740 et
1202 4675 1433 4747 delectionem,
1454 4661 1675 4752 honestissime
1695 4656 1802 4729 tegere
1818 4660 1853 4708 se

86 4763 206 4837 διθθῑι,
223 4765 254 4820 et
274 4761 358 4830 omni
373 4758 564 4825 idololatriae
578 4760 711 4842 caligine
725 4807 734 4836 ,
750 4778 841 4840 uuam
857 4762 902 4824 illi
919 4779 950 4824 aa
994 4761 1188 4824 arbitrantur.
1205 4759 1270 4822 linc
1284 4758 1352 4821 solo
1367 4753 1492 4818 nomine
1507 4741 1746 4832 latrociniosum
1762 4736 1794 4824 0?
1806 4744 1855 4790 ⁸⁸·

88 4855 238 4920 spergere
254 4885 263 4916 ,
296 4847 387 4937 atque
418 4839 578 4907 offundere
610 4848 760 4910 conantur
791 4845 949 4920 baeretici,
996 4843 1120 4924 crilegin
1136 4844 1166 4905 in
1182 4841 1350 4917 Ecclesiam
1366 4837 1550 4916 templorum
1564 4825 1765 4900 direptiones,
1781 4825 1856 4874 imt-

88 4928 218 5003 purgala
239 4939 377 4997 omniuo,
400 4931 431 4988 et
451 4925 548 4990 libera
569 4925 703 4990 emineat
726 4932 816 5008 atque
848 4931 951 5008 splen·
997 4927 1102 5006 giuum
1124 4925 1358 4999 ooulrrctinnes,
1381 4917 1573 4990 sacerdotum
1602 4901 1725 4978 caedes,
1754 4907 1857 4958 ⁵³0l0·

87 5009 187 5101 (Ῐθθῑχ
997 5027 1064 5072 rum
1086 5009 1222 5071 omnium
1244 5005 1484 5088 profanationes,
1507 4987 1694 5076 deissssdumr,
1718 4975 1799 5056 ll¹¹0<¹
1822 4991 1859 5038 ὅθ

132 5087 207 5162 Quia
223 5103 376 5184 veronen
397 5089 612 5172 panegyricam
634 5091 802 5156 orationem
818 5092 857 5155 de
882 5109 952 5155 san·
998 5093 1113 5156 bellum
1129 5107 1237 5172 gerere
1253 5095 1356 5153 contra
1370 5085 1451 5150 lucta
1467 5094 1522 5161 pro
1537 5073 1650 5170 pietate
1665 5065 1778 5128 droant.
1795 5055 1860 5153 liae

88 5175 209 5235 olorum
222 5170 366 5236 laudibus
392 5173 592 5247 instituimus,
608 5175 664 5238 scd
686 5175 845 5254 ingressus
866 5175 953 5237 dum·
998 5177 1064 5255 ipsa
1086 5177 1125 5238 de
1147 5190 1255 5238 caussa
1270 5184 1433 5239 censuram
1448 5161 1665 5241 nequissimam
1682 5143 1859 5242 bonicum.

87 5258 174 5348 tanat
187 5253 225 5318 ad
240 5255 370 5319 luturum
387 5255 639 5337 disputationem,
667 5263 769 5320 nostra
785 5258 843 5320 bac
868 5275 953 5338 prae·
999 5266 1029 5323 el
1052 5260 1221 5336 pastorales
1244 5257 1371 5318 baculos
1393 5249 1621 5329 episcopcrum,
1639 5229 1751 5308 qulbus
1767 5229 1861 5318 mter·

88 5337 256 5404 latruncula
279 5338 445 5418 aperimus,
469 5339 569 5401 dicam
591 5341 703 5412 solum,
726 5347 756 5402 et
775 5339 895 5420 paucis,
915 5342 955 5403 de
1000 5341 1071 5405 dum
1085 5339 1225 5420 ipsorum
1239 5341 1323 5401 luror
1337 5330 1524 5414 reprimitur,
1540 5320 1587 5383 rel
1604 5310 1782 5380 retardatur,
1805 5321 1860 5368 rm-

91 5419 275 5516 mcridaciis,
299 5428 330 5484 et
349 5421 495 5484 conviciis
518 5423 743 5486 baereticorum
766 5423 796 5485 iu
819 5430 952 5496 sanctos,
1002 5425 1084 5520 piam
1111 5422 1398 5505 persequutionem,
1413 5406 1670 5502 quusiaclucrsnus
1688 5393 1784 5485 licum
1807 5402 1862 5480 pro

92 5511 231 5582 quorum
252 5502 303 5566 rlla
325 5503 362 5567 ad
390 5507 526 5584 ipsorum
554 5504 777 5570 baereticorum
806 5506 955 5570 insaniam
1001 5506 1093 5570 rdolis
1114 5505 1273 5570 excitatam
1294 5499 1466 5566 nominant:
1488 5493 1538 5554 lus
1559 5487 1694 5580 denique
1714 5472 1861 5538 vinculis.

91 5587 262 5648 curandam
284 5604 430 5668 magnum
450 5585 581 5650 ellerunt
606 5587 872 5666 impedimentum,
897 5591 952 5652 ista
1001 5597 1032 5654 et
1045 5589 1249 5670 compedibus
1261 5581 1448 5666 prouincias,
1479 5583 1510 5638 et
1534 5575 1673 5663 nationes
1689 5575 1704 5618 n
1720 5573 1755 5620 sa
1770 5553 1862 5616 rlecc·

94 5685 157 5731 non
173 5669 273 5733 solum
296 5669 463 5736 Ecclesiam
485 5669 599 5753 insigni
619 5670 786 5751 patrocinio
807 5673 951 5754 spoliant,
999 5678 1066 5752 ptas
1080 5671 1251 5738 arctissime
1266 5666 1409 5743 irretitas,
1423 5667 1453 5726 ct
1467 5656 1649 5723 constrictas
1665 5642 1780 5706 teuent.
