4086 6296
807 357 906 418 otoldi
925 309 1099 422 munds
1481 355 1485 366 “
1710 357 1761 410 est

56 507 138 555 eom
153 492 294 572 imperet,
310 505 380 586 eutii
397 491 559 589 prehibeat
572 489 705 582 rirpines
718 489 782 570 llpo
797 498 931 588 sacratas¹
977 492 1093 574 argine
1106 543 1115 572 ,
1130 509 1211 578 puae
1226 509 1286 560 nen
1299 495 1337 557 in
1350 490 1535 556 manasterio
1559 491 1683 572 publice
1697 489 1835 572 professe

56 574 266 639 nahere.Sed
282 589 343 636 oen
360 576 504 656 inlelligit
516 582 574 640 rste
590 575 683 636 lalsos
696 573 805 652 lliirtyr
815 575 930 636 cereali
976 576 1075 641 luerat
1089 577 1185 661 (nom
1199 578 1231 640 la
1246 577 1354 640 eadem
1369 575 1498 656 epistola
1514 576 1650 638 hortatur
1663 589 1743 645 earn,
1758 579 1791 636 ut
1801 591 1836 640 so

56 673 171 722 amere
188 661 469 738 admissaeque
495 659 576 736 qued
594 659 756 736 loquatur,
774 670 875 735 neque
891 657 929 721 de
975 659 1112 724 eealcrct
1137 662 1174 725 ad
1201 657 1443 738 monasterinm)
1470 657 1524 720 sed
1551 657 1690 737 privatim
1715 659 1836 721 inierat
1925 657 1933 675 ⁸

56 741 182 820 quihus
209 738 451 804 alllriact.llicd
477 741 560 804 eninr
577 739 930 818 estimperarerirpini·
975 744 1266 818 continentiam‚ul
1290 750 1477 822 eotempore
1502 741 1616 803 multae
1640 739 1835 803 laceresele·

53 829 172 898 ‘tatem
189 823 272 886 aliud
285 839 355 884 cem
371 823 493 903 erigere
509 824 548 886 iila¹
562 823 670 901 ecqui
684 827 794 902 sponte
807 836 841 883 se
853 821 930 884 elili-
974 821 1061 904 hanl;
1077 827 1241 894 acdeindo
1255 827 1360 890 relicta
1377 822 1700 903 matre.ridua,juieni
1715 821 1836 886 cuidem

54 907 158 984 gerit.
173 905 315 983 lienique
331 905 513 968 lihr'es'illes
528 907 568 970 de
581 903 929 984 virginibusqcttaoio·
968 905 1166 986 adhaeserat,
1183 916 1214 974 et
1226 925 1298 972 eunt
1313 923 1351 970 ee
1362 906 1481 970 iiiehal
1496 913 1557 969 ectr
1573 907 1641 968 sinc
1656 903 1835 980 suspicione

55 1004 140 1066 pere
155 985 322 1068 displiceat
333 987 423 1052 Petro
438 989 571 1069 Hartyri,
587 1005 614 1051 s.
627 987 834 1068 Hieronymus
845 987 929 1050 miri·
975 990 1195 1071 impudicitiae.
1210 991 1295 1055 Hanc
1310 1007 1383 1070 erge
1392 989 1603 1068 Hieronymus
1614 991 1769 1060 ananehel
1781 1002 1834 1065 pe·

54 1071 119 1132 lice
135 1072 239 1136 landet
250 1073 280 1132 in
296 1072 389 1151 epist.
406 1071 458 1134 22.
474 1072 511 1133 ad
526 1069 740 1134 Eustochium.
974 1073 1034 1136 tias
1058 1083 1164 1154 aperte
1177 1107 1179 1114 ι
1190 1074 1306 1148 nubet,
1329 1088 1420 1151 qaam
1445 1076 1595 1150 perpetuo
1621 1069 1834 1136 camellorum

101 1154 338 1218 [leoloieecteio
354 1155 441 1232 penit
455 1151 686 1232 Hieronymum,
703 1168 742 1215 ex
756 1167 817 1231 quc
832 1168 927 1216 unuin
972 1159 1119 1223 scandale
1146 1156 1302 1237 impudice
1328 1155 1416 1217 vivat.
1433 1153 1537 1232 deque
1564 1153 1603 1216 ita
1630 1153 1690 1216 hec
1705 1156 1831 1238 menet,

53 1235 169 1300 lecum
184 1238 298 1318 prelert
311 1253 349 1298 ex
364 1237 456 1316 epist.
471 1236 502 1299 8.
518 1236 557 1300 ad
570 1233 928 1300 Demetriademlleinde
964 1242 1058 1318 .qucsi
1075 1247 1237 1320 peecatum·
1262 1255 1323 1302 neo
1337 1238 1379 1300 sit
1391 1283 1400 1312 ,
1410 1237 1499 1315 -qund
1519 1234 1689 1298 adversarii
1704 1235 1830 1306 velunt,

54 1321 179 1382 acerbe
194 1323 267 1383 satis
282 1320 480 1394 reprehendit
494 1319 592 1381 lihros
603 1317 811 1398 sHiernnynti
823 1317 927 1379 odier-
971 1323 1089 1387 nubere
1102 1331 1175 1404 pest
1189 1330 1290 1387 retum
1305 1351 1317 1397 ,ψ
1330 1321 1386 1383 sed
1401 1318 1472 1400 quie
1488 1318 1590 1380 atinus
1605 1323 1765 1398 peceatum
1780 1317 1843 1391 sil,

55 1417 116 1462 sus
132 1402 339 1466 latinianum.
361 1401 610 1481 Sedpesterieri
624 1401 793 1482 objectioni
819 1406 866 1462 sat
880 1407 928 1462 est
971 1401 1177 1485 et'prudentia
1201 1423 1236 1472 nc
1251 1405 1328 1482 ratio
1342 1403 1452 1466 deceat
1464 1447 1473 1474 ,
1486 1413 1527 1461 'ex
1539 1400 1835 1464 dueliesmalisnui·
1856 1481 1858 1484 Ι

57 1499 225 1561 oppenere
240 1501 269 1549 s.
285 1487 500 1564 augustinum,
518 1485 570 1563 nui
585 1486 617 1546 in
633 1483 725 1564 epist.
740 1482 792 1546 29.
804 1482 842 1544 ud
857 1482 928 1545 llie·
972 1504 1031 1550 nus
1046 1505 1117 1554 essa
1143 1485 1333 1570 eligendum.
1347 1485 1436 1560 Quod
1463 1488 1564 1548 tutem
1587 1498 1615 1545 s.
1630 1482 1836 1563 Hieronymus

56 1581 241 1644 renymuia,
258 1567 354 1632 libres
370 1569 439 1629 llles
454 1573 559 1630 ennea
574 1567 768 1629 latinianum
784 1565 928 1628 suaiissi·
971 1571 1084 1636 malurn
1098 1589 1171 1638 ossa
1186 1577 1293 1652 potet,
1309 1569 1429 1632 nahem
1444 1570 1515 1644 pest
1529 1570 1648 1640 retain,
1666 1581 1727 1628 nen
1743 1570 1837 1644 negat

55 1663 142 1708 main
169 1655 201 1712 el
226 1649 501 1728 praeclarissimam
527 1649 766 1730 disputationem
774 1647 925 1728 appellit.
969 1652 1078 1718 Petrus
1092 1657 1222 1737 llerlyr,
1240 1669 1310 1732 eum
1326 1652 1357 1715 id
1374 1649 1488 1724 millies
1509 1654 1669 1726 nepotata.
1687 1647 1833 1728 Hierony·

54 1729 189 1794 N⁸⁰¹¹⁰¹¹
216 1733 316 1811 losum
333 1732 571 1814 Hieronymum,
587 1733 640 1811 (lul
657 1737 686 1794 ¹¹¹
713 1730 852 1809 θιιῡῐῡιιῑ8
869 1746 924 1808 ltro
971 1751 1039 1800 mus
1054 1739 1108 1802 lib.
1126 1739 1155 1801 l.
1171 1742 1277 1802 canoa
1292 1733 1500 1805 desinianum,
1514 1730 1627 1794 etaliis
1639 1728 1834 1806 inlcois‚sed

54 1813 152 1874 libris
166 1815 233 1876 suis
248 1821 351 1877 centro
366 1815 570 1888 latinianum.
585 1815 640 1878 'eas
655 1813 835 1885 calumnias,
849 1827 926 1891 quas
970 1826 1128 1898 praeterea
1155 1821 1191 1884 td
1202 1821 1304 1899 ipsum
1319 1817 1470 1881 hahemus
1484 1815 1544 1876 hee
1557 1813 1650 1889 leee;
1667 1829 1738 1876 aare
1752 1817 1836 1891 pesl-

56 1911 147 1957 nunc
160 1897 272 1960 Petrus
286 1898 396 1978 lleityr
410 1899 537 1978 prefert,
552 1898 617 1978 jam
631 1903 701 1960 ante
717 1895 867 1961 relntanil.
895 1915 897 1920 ’
969 1918 1062 1978 qoam
1076 1904 1205 1967 dixerat:
1223 1902 1259 1966 Sa·
1272 1907 1556 1978 cmptncnciir
1568 1911 1639 1958 nen
1650 1895 1764 1974 palam
1775 1909 1837 1958 nu·

96 1978 195 2042 Perre
212 1981 422 2044 testimoniam
438 1982 467 2042 in
481 1982 615 2060 epistad
629 1977 926 2049 llometriadem,hec
970 1982 1036 2048 otoo
1050 1987 1092 2048 lta
1107 1984 1278 2066 subjungit:
1297 1982 1405 2064 Hence
1418 1995 1494 2045 itere
1508 1979 1567 2042 lieo
1579 1977 1837 2057 dice,qnedpaet

54 2068 119 2122 est:
138 2061 297 2128 Saaetiiin
309 2065 709 2144 commemorantium,
727 2065 756 2124 et
771 2061 924 2136 caelestii,
967 2075 1140 2145 peccantia
1153 2065 1561 2147 tctmmpeciitteotteinot
1570 2061 1756 2142 pnedmcle
1767 2077 1836 2124 ece·

51 2145 319 2226 enpelerontque
343 2145 492 2224 semeliae
511 2147 675 2226 pleniorii,
704 2143 927 2226 comoedeia
966 2151 1115 2228 plesseto
1127 2156 1316 2232 panaceam,
1328 2151 1390 2216 aed
1403 2149 1492 2228 qood
1505 2146 1672 2223 desperem
1681 2145 1720 2207 i'it
1729 2144 1837 2206 tatiac-

50 2241 127 2289 iien
149 2227 234 2292 hoie
248 2245 281 2292 ae
296 2231 465 2304 acontium
488 2245 609 2292 oniam
626 2230 792 2307 insumet,
809 2223 927 2306 malitie
968 2235 1059 2298 medi
1084 2235 1204 2316 copule
1231 2227 1545 2299 maenomenon
1570 2225 1840 2298 est-,aenheitnr

53 2317 173 2387 oporte
188 2311 365 2379 dieendttin
380 2317 425 2374 est
440 2359 449 2386 ,
468 2319 505 2375 iit
520 2312 720 2394 catacoeno
734 2359 742 2383 ,
757 2310 788 2372 ei·
810 2325 844 2372 ie
856 2325 927 2374 nait
969 2322 1002 2378 ut
1015 2317 1135 2390 nohas,
1152 2319 1224 2400 quio
1239 2315 1360 2393 cupiam
1375 2313 1406 2378 in
1428 2313 1487 2385 ee,
1505 2309 1587 2387 qaod
1614 2307 1693 2370 male
1704 2307 1839 2387 coepisti

50 2399 197 2470 P⁰⁸⁸1ml
210 2395 389 2468 willihere,
406 2400 464 2458 aot
474 2396 674 2470 wollinum,
690 2395 721 2457 si·
732 2392 851 2456 nolant
863 2407 926 2455 nii·
969 2398 1149 2465 tornicaode
1163 2448 1171 2473 ,
1185 2401 1265 2463 male
1277 2411 1459 2478 perseveres
1474 2391 1642 2460 accendo,
1659 2396 1690 2452 et
1704 2406 1767 2454 neit
1783 2406 1837 2469 pe·

55 2475 144 2538 here.
162 2476 248 2540 Haeo
262 2477 372 2549 aethe,
389 2478 490 2558 inquit
503 2477 631 2559 llcrtyr,
647 2491 717 2540 oen
728 2477 927 2556 pecentin-
969 2481 1029 2546 tias
1044 2485 1166 2562 cupiam
1187 2479 1409 2563 paenitentiam
1435 2484 1467 2542 el
1494 2473 1740 2539 emendationem
1755 2491 1765 2548 ς
1780 2472 1837 2536 sed

57 2557 165 2638 osuini
190 2560 232 2623 dc
246 2561 288 2622 i‘i's
302 2561 362 2641 epi
384 2561 534 2624 nmtdoia
546 2562 703 2625 cademot.
734 2556 926 2644 wannoc
970 2567 1039 2644 auia
1056 2568 1190 2645 despero
1204 2571 1235 2629 tc
1250 2578 1344 2644 posse
1358 2558 1495 2642 sepinri
1510 2575 1528 2619 a
1542 2555 1629 2632 ilie,
1646 2554 1717 2619 ideo
1732 2556 1836 2648 niele,

55 2640 213 2710 honestes
239 2643 286 2706 ol⁸
307 2659 384 2706 ocio
409 2644 558 2706 ordinem
582 2643 758 2721 andronii
780 2641 819 2706 i'n
831 2639 926 2704 illuct
969 2649 1053 2724 nond
1067 2650 1171 2714 minus
1185 2654 1234 2712 cst
1249 2647 1360 2710 malam
1374 2692 1383 2721 ‚
1399 2639 1552 2706 almerita
1568 2639 1759 2715 adhaerens,
1776 2655 1838 2704 oea

54 2725 258 2802 adscriptus.
301 2726 388 2788 ullos
402 2727 491 2805 laipt'
514 2727 787 2805 oa'tai'nseineseel
799 2729 925 2802 aposte-
971 2729 1148 2796 tointcocte.
1514 2745 1523 2770 ’·
1661 2747 1663 2753 ·
1708 2802 1715 2816 ,
1796 2763 1803 2780 r

59 2807 123 2874 les,
138 2809 209 2870 olei
221 2811 307 2872 inter
321 2821 375 2872 ees
388 2807 501 2886 stainei
512 2813 760 2872 annuissemus.
839 2845 842 2854 =
1010 2811 1064 2876 Est
1079 2821 1180 2880 autem
1204 2814 1262 2877 hec
1280 2813 1349 2875 lece
1365 2805 1592 2872 obseruandum
1606 2850 1615 2877 ,
1630 2808 1752 2882 nuptias
1768 2809 1839 2881 pest

98 2887 287 2968 Respondee
301 2909 310 2952 :
326 2890 474 2970 Loquitur
487 2908 514 2954 s.
532 2889 737 2972 Hieronymus
751 2889 791 2958 cle
805 2889 926 2953 ancillis
968 2897 1243 2975 netamsiinpler,
1263 2895 1303 2958 de
1320 2909 1382 2974 que
1407 2891 1612 2968 Hieronymus
1627 2884 1784 2965 loquitur,
1803 2886 1837 2947 li·

57 2987 216 3036 sacrarum
229 2973 384 3054 virginum
400 2973 761 3039 nehiliumllrant'enim
777 2971 927 3050 nonedam
970 2980 1098 3043 estsine
1107 2984 1235 3059 peccate
1249 2974 1389 3040 contrahi
1399 2975 1671 3052 cenommannica
1684 2984 1771 3032 ieros
1783 2984 1839 3032 au·

58 3054 199 3134 uirgines
224 3071 331 3120 sacrae
346 3057 500 3126 leontinae
514 3057 738 3128 nobilissimae,
748 3053 926 3134 coacuerat
969 3062 1051 3138 ptias
1065 3061 1267 3141 ssse3elidee
1283 3059 1387 3139 alique
1404 3057 1495 3118 mede
1512 3052 1614 3114 minus
1630 3050 1743 3113 malum
1756 3066 1840 3125 esse,

58 3152 136 3198 suae
153 3138 318 3216 virebant,
337 3146 367 3204 et
381 3139 485 3202 mullis
505 3140 627 3203 ancillis
642 3139 802 3202 comitatae
818 3152 926 3218 prese·
969 3145 1088 3209 nabere
1103 3136 1173 3223 p'est
1184 3150 1288 3206 reluat
1302 3139 1467 3222 ejusmodi,
1488 3151 1580 3216 qoam
1595 3133 1721 3196 assidue
1743 3131 1835 3195 lerni-

56 3218 186 3282 dehant.
203 3221 303 3302 Saepe
319 3229 419 3286 eutem
435 3221 582 3296 debonat
596 3223 717 3300 annuae
733 3219 923 3296 ancillarum,
970 3229 1044 3296 carl,
1061 3234 1124 3290 tana
1136 3228 1177 3291 eh
1191 3225 1286 3288 iidem
1299 3221 1448 3302 conjugii,
1465 3224 1531 3282 tuin
1544 3217 1583 3280 eb
1598 3217 1717 3296 preleio
1733 3215 1833 3295 legiti·

55 3317 139 3380 quae
155 3304 281 3380 cuidem
307 3305 425 3368 nullutn
439 3304 596 3369 habehant
609 3312 711 3368 notuin
727 3349 735 3377 ,
750 3319 858 3383 parum
871 3320 925 3382 po·
970 3323 1062 3386 moni,
1077 3319 1140 3375 laia
1150 3309 1195 3374 seh
1210 3308 1267 3375 ilia
1284 3307 1375 3372 hene}
1394 3301 1597 3366 tameaetiam
1612 3298 1714 3378 alique
1730 3299 1834 3370 mede,

55 3385 130 3448 dice
146 3385 275 3450 virendo
288 3387 430 3452 dominas
446 3387 641 3452 intimarent.
658 3387 710 3450 Sic
725 3385 806 3454 enirn
823 3387 922 3465 pergil
969 3398 1071 3457 alites
1092 3409 1185 3473 supin
1201 3391 1347 3462 diximus
1363 3393 1411 3450 est
1425 3383 1527 3464 majus
1550 3382 1661 3446 malum
1677 3381 1722 3444 sic
1737 3380 1834 3442 nohe-

50 3465 174 3532 ihidcm
199 3469 403 3551 Hieronymus
426 3476 498 3549 post
511 3471 601 3534 recha
616 3471 707 3532 citata
725 3488 733 3529 :
748 3468 855 3548 llipne
868 3484 919 3533 nes
966 3489 1011 3549 rc,
1031 3474 1122 3552 cuim
1136 3474 1292 3546 fornicari,
1306 3472 1392 3552 quia,
1404 3463 1835 3559 quiitannhitpedditseim

49 3547 146 3627 rien,
162 3552 263 3618 t'ittiito
275 3554 413 3634 planctu
427 3599 435 3626 ‚
450 3553 674 3622 incedentibus
689 3551 842 3625 demittis,
859 3566 918 3614 att·
967 3555 1101 3621 trahitant
1117 3559 1160 3624 ad
1171 3563 1273 3622 totuin
1289 3553 1488 3624 serrandum,
1506 3547 1589 3628 cuod
1603 3563 1668 3616 ooo
1679 3546 1762 3621 laert,
1780 3563 1833 3625 qut

50 3632 395 3716 cettcmrpcpreoedti
410 3637 919 3716 enantionutpioiiiotaecnene·
966 3640 1145 3703 leioicctur.
1526 3681 1528 3686 f
1681 3712 1687 3725 ,
1766 3711 1771 3722 ,
1809 3709 1815 3722 ,

49 3716 167 3778 moine
181 3735 284 3799 qituin
306 3721 508 3801 incomptam
520 3721 663 3792 atomis,
680 3719 851 3785 dominam
863 3733 917 3779 sto
1001 3723 1213 3786 lleeimonene
1231 3720 1319 3798 pauit
1334 3716 1556 3796 augustinum,
1573 3727 1666 3790 quem
1680 3727 1712 3774 tn
1728 3726 1835 3805 pii-nos

49 3798 198 3876 opineris
215 3801 252 3863 ιιι
266 3803 357 3881 paule
372 3803 531 3882 superinos
543 3803 644 3866 Heres
659 3801 792 3874 enimet
805 3801 917 3863 stadia
957 3803 1236 3871 latetur'cdiersarl
1251 3803 1311 3864 sibi
1326 3847 1335 3870 ,
1358 3808 1389 3862 et
1403 3800 1469 3861 suis
1483 3795 1666 3859 hctlieianis
1680 3799 1835 3872 apertissi-

46 3881 262 3948 doinc'oeiricm
282 3885 477 3967 pleramque
491 3901 535 3948 eac
549 3885 748 3950 anctdmnot
772 3888 803 3946 et
817 3883 916 3954 comi>
956 3903 1033 3964 roe;
1050 3890 1097 3951 sic
1112 3888 1196 3951 colia
1214 3886 1277 3948 eit:
1295 3885 1380 3946 llaec
1400 3882 1515 3944 omnic
1527 3883 1674 3942 catenans
1686 3891 1833 3959 nemra.

48 3969 119 4025 tuin
132 3967 279 4032 moriem
287 3969 497 4050 judicantem.
561 3985 562 3995 ¹
648 3997 650 4002 s
955 3972 1056 4044 idest,
1068 3972 1256 4050 memnoni,
1274 3968 1465 4038 ciaconium,
1482 3960 1751 4041 omninipotentem,
1766 3959 1835 4052 volt

85 4046 182 4111 Perre
195 4052 326 4114 ancillas
338 4052 489 4130 uirginum
502 4065 659 4113 socratam
684 4067 746 4118 neti
773 4049 869 4112 luisse
883 4065 914 4109 o·
957 4056 1155 4134 locustinos
1173 4057 1202 4116 et
1215 4051 1322 4130 tinnio,
1340 4053 1369 4110 et
1385 4048 1498 4110 aalide
1516 4058 1597 4118 esee,
1612 4042 1697 4104 itant
1710 4055 1833 4136 paeon·

48 4143 138 4192 tanes
153 4134 416 4215 sacrasanctam.
436 4133 633 4211 perspicuum
647 4140 696 4197 est
711 4149 748 4194 et
759 4131 908 4212 episimo.
956 4137 1038 4202 sime
1049 4142 1206 4218 ,peccatam
1222 4134 1281 4214 qni
1293 4139 1364 4211 pest
1388 4147 1429 4193 ca
1442 4131 1647 4202 nuncupato,
1665 4129 1830 4216 necimme-

47 4211 83 4272 ad
99 4211 324 4292 Eustachium
340 4216 391 4288 ubi
410 4222 514 4278 nannet
527 4217 676 4296 ilryineni
692 4215 906 4285 Eustochium,
961 4223 1023 4284 nia
1048 4219 1286 4284 contemnerent.
1304 4214 1340 4275 lit
1353 4220 1424 4290 post
1442 4209 1616 4274 testimonia
1643 4206 1731 4268 allata
1747 4205 1832 4268 suhi·

48 4299 80 4352 nt
91 4309 130 4356 ex
144 4297 267 4361 ancillis
283 4347 291 4373 ,
306 4299 337 4362 εἰ·
349 4316 426 4379 quos
442 4300 553 4361 haheat
577 4298 725 4380 ejusdem
736 4297 886 4378 prepositi
902 4342 911 4369 ,
958 4303 1071 4382 yoogtt:
1091 4303 1158 4365 lste
1171 4301 1222 4364 ot't
1236 4297 1428 4370 lietscai'ott.
1441 4299 1478 4356 iit
1492 4293 1587 4386 honio
1603 4291 1764 4368 deceptae.

47 4389 100 4438 etis
117 4380 216 4458 monis
230 4381 379 4456 montel,
397 4388 427 4443 el
441 4383 478 4443 ad
495 4397 632 4444 mensam
655 4399 741 4447 sulm
757 4379 912 4451 adhibeat.
1002 4386 1038 4448 ht
1053 4401 1108 4448 eur
1122 4401 1183 4446 nen
1193 4379 1443 4445 sllierlsiinilios
1456 4376 1556 4452 decipi
1565 4373 1830 4468 Hartyrommuanr

48 4465 80 4519 ut
94 4475 201 4522 earain
217 4464 317 4528 honor
331 4464 458 4526 allorum
473 4463 514 4528 sit
529 4465 676 4527 inritatio.
686 4463 742 4528 Ubi
759 4465 850 4529 etlam
861 4463 913 4525 ad·
963 4467 1050 4530 illino
1064 4465 1244 4540 ilion-lici,
1255 4463 1307 4540 nni
1323 4462 1414 4523 etiam
1432 4457 1617 4525 aduersariis
1630 4453 1830 4548 testibcstdo·

47 4541 90 4602 dit
105 4544 185 4606 haec
199 4547 291 4610 terlio
307 4548 346 4610 de
362 4545 596 4628 ancillis,quas
612 4549 731 4610 diceret
744 4546 914 4610 inritandas
963 4551 1122 4614 alissimus
1137 4555 1228 4628 atque
1244 4543 1460 4616 sanctissimus
1483 4539 1556 4602 leiti
1585 4537 1689 4602 hdlert
1719 4535 1833 4632 deinde

48 4626 323 4691 incontinentiam
351 4644 388 4693 ex
402 4629 529 4692 aliarum
547 4633 676 4693 herrore.
694 4629 731 4692 Si
749 4645 835 4708 qaue
851 4629 915 4691 ills·
961 4633 1025 4696 due
1040 4634 1107 4696 laea
1121 4647 1178 4712 pie
1192 4646 1240 4692 se.
1263 4627 1362 4689 llnuin
1386 4643 1423 4688 ex
1436 4625 1519 4686 libre
1531 4623 1825 4716 deseceturrrgini-

47 4708 192 4780 emota,
206 4713 431 4776 etseooilitlein
442 4713 563 4794 relacio
574 4714 626 4776 illi·
639 4713 823 4792 apostelicae
838 4712 914 4791 lepi-
954 4721 1034 4790 tole,
1051 4731 1120 4794 cap.
1135 4713 1188 4776 ill.
1205 4719 1236 4774 et
1249 4711 1301 4772 ll.
1316 4710 1367 4772 chi
1385 4707 1576 4786 Augustinus
1590 4704 1675 4778 dicit,
1689 4716 1831 4779 impossi-

48 4795 87 4862 to,
104 4794 223 4856 mellus
239 4795 428 4867 cctnoecic,
442 4798 619 4875 namnum
637 4797 694 4858 llltl
710 4795 823 4860 decet.
841 4809 913 4856 esse
962 4798 1025 4860 hile
1048 4813 1138 4860 esse.
1155 4801 1207 4857 aut
1222 4793 1307 4855 coldo
1322 4791 1451 4854 dllllclle
1477 4787 1664 4865 inlelligere.
1680 4800 1735 4846 cur
1751 4783 1833 4844 Deris

48 4875 174 4952 caluam
189 4880 398 4956 provocandos
410 4879 537 4942 ancillas
551 4881 589 4942 ad
607 4879 797 4959 propesitum
813 4877 910 4938 conii·
963 4881 1016 4942 uni
1033 4879 1088 4942 det
1101 4877 1312 4941 continentiae
1323 4875 1454 4944 denum,
1468 4870 1556 4935 alteri
1571 4885 1632 4930 aco
1646 4866 1755 4962 danila
1769 4881 1832 4944 qne

48 4958 182 5032 nentina,
200 4962 256 5023 scd
272 4977 333 5025 nen
349 4975 421 5023 esse
434 4963 605 5037 canendas.
960 4964 1030 5026 lece
1043 4961 1162 5040 colligit
1176 4959 1299 5039 llartyr,
1316 4974 1379 5021 nen
1397 4969 1491 5035 posse
1506 4967 1616 5016 earnes
1631 4966 1683 5046 qui
1698 4947 1828 5016 celant,

83 5041 399 5108 hliedtestiiaeniom
411 5057 449 5114 er
462 5041 645 5125 Hieremiae
657 5041 785 5123 prolerri
797 5040 913 5121 petuis·
961 5045 1021 5108 hec
1033 5042 1291 5108 denunihahcre.
1315 5039 1346 5102 st
1364 5037 1574 5100 enimomnes
1588 5032 1764 5128 eataelunt
1779 5031 1833 5090 lia-

49 5130 104 5201 set3
122 5124 170 5186 sic
183 5126 267 5188 enim
284 5125 420 5206 loquitur
430 5125 467 5188 ad
479 5141 600 5190 socrant
614 5127 762 5206 virginera
776 5125 807 5185 io
820 5124 912 5202 epist.
960 5129 1070 5192 herent
1082 5127 1210 5196 danum,
1225 5138 1289 5186 aaa
1302 5128 1389 5208 esset
1404 5119 1529 5182 dilllcile
1552 5116 1727 5210 inlelligere
1742 5157 1749 5177 .
1778 5130 1834 5174 eui

48 5205 94 5268 ll.
112 5207 152 5269 de
178 5208 300 5273 vitando
315 5214 462 5288 suspecte
478 5210 692 5273 conturbante:
711 5208 748 5270 St'
761 5208 852 5287 nispe
868 5223 912 5276 as.
960 5211 1012 5274 nni
1026 5207 1263 5279 daretne-alteri
1280 5221 1341 5268 nen
1355 5203 1491 5266 daretur.
1507 5200 1621 5263 Caussa
1636 5203 1827 5268 animasset,

48 5292 126 5367 quid
140 5291 234 5356 times
260 5293 449 5373 dilipentem
464 5293 646 5356 custodiant
659 5295 676 5354 Ρ
689 5292 720 5354 ει
733 5295 910 5370 emona.
963 5293 1033 5374 quia
1049 5309 1131 5356 unos
1146 5290 1220 5365 vult,
1238 5288 1394 5358 aliusnon
1411 5285 1487 5347 vult.
1580 5363 1587 5376 ·
1811 5361 1816 5372 ι

49 5387 103 5435 cur
116 5389 188 5438 itan
210 5377 326 5454 polein
340 5375 436 5440 auhn
448 5379 466 5438 Ρ
480 5375 556 5437 llsse
571 5383 673 5437 autent
700 5373 849 5454 virginem
865 5389 914 5433 sa·
1000 5375 1137 5440 Alterum
1154 5370 1363 5437 testimoniam
1377 5367 1555 5432 sumitates
1567 5363 1623 5426 lib.
1639 5363 1678 5426 de
1693 5361 1832 5456 lienem-

48 5473 235 5536 erant,quam
251 5457 513 5538 alloquitur,patel
528 5475 564 5520 cx
579 5457 682 5519 veihis
696 5457 759 5519 illis
772 5455 914 5536 ejusdcm
966 5457 1091 5522 deitatis
1116 5473 1187 5536 cop.
1199 5455 1231 5517 9.
1246 5459 1278 5516 et
1294 5450 1346 5514 ll).
1363 5457 1395 5513 el
1410 5448 1555 5528 eoeplsl.
1582 5447 1634 5542 lli.
1651 5445 1687 5508 ad
1711 5445 1831 5506 Beatio-

48 5540 194 5616 epistelae
210 5559 218 5602 τ
234 5541 307 5605 nco
331 5541 389 5604 noi
403 5539 575 5619 displiceat
599 5541 669 5616 ejice
684 5538 911 5610 conuersatio,
962 5542 1057 5614 cium,
1073 5539 1126 5604 uhi
1138 5555 1167 5602 ε.
1180 5535 1372 5616 Augustinus
1384 5534 1486 5602 decet,
1509 5535 1632 5609 nuptias
1647 5536 1716 5608 pest
1729 5535 1829 5590 ieluin

46 5637 128 5700 otico
140 5630 173 5686 te
185 5639 308 5704 speram
322 5631 377 5686 tao
392 5625 554 5704 oiiyincai
568 5624 780 5685 consecrauit.
961 5631 1042 5687 ratos
1054 5639 1137 5696 esse,
1154 5639 1191 5684 ac
1206 5635 1305 5691 ieras,
1323 5633 1382 5680 aee
1396 5615 1512 5678 dehere
1525 5613 1684 5706 dissolvi..

87 5707 295 5788 monendae:
325 5707 472 5794 Loquitur
497 5705 703 5785 Hieronymus
728 5705 766 5769 dc
782 5705 911 5782 niiailani
988 5705 1133 5771 ¹Tertium
1147 5701 1356 5768 testimenium
1369 5696 1600 5765 addititionttns
1614 5712 1649 5756 ni·
1667 5692 1763 5756 liliola
1778 5693 1830 5754 he·
