4110 6310
819 384 917 449 bibliis
936 384 1108 452 SECUNDUS
1709 399 1762 458 ope

17 503 22 566 i
117 519 330 594 argumentum
346 525 484 599 quartum
503 521 540 587 ab
552 523 739 604 apparitione
756 527 786 586 et
797 521 926 586 miracu·
972 527 1051 590 liare
1066 532 1166 589 autem
1181 541 1251 590 curn
1267 527 1621 611 coporrenisset,coepit
1641 527 1829 600 lutumesee·

15 578 23 633 k
77 601 115 662 lis
130 601 703 682 erucis.Primo,apparuitdonstnntino
714 623 787 668 erur
801 607 926 668 lucidis·
971 617 1051 681 rect
1065 612 1095 670 in
1113 627 1250 688 magnam
1267 612 1456 675 altitudinem
1469 613 1564 677 instar
1576 616 1651 676 muri
1665 618 1827 695 cujusdem

15 665 21 716 Η
77 686 152 744 sima
166 686 196 745 in
212 685 283 746 tiore
294 701 363 748 cum
379 687 439 748 iliis
452 691 564 752 verbis:
579 691 627 751 E'r
640 688 734 770 τούτῳ
745 691 924 764 νικὰ,ἰιιιει,
971 694 1230 756 exerevitsnrsum
1245 695 1597 772 versusqueutromons
1611 703 1641 758 et
1652 697 1828 780 indignans,

15 737 21 804 9
76 767 106 826 in
123 767 181 827 hoc
196 769 294 830 vinee:
312 769 404 830 refert
416 770 570 834 Eusebius
586 772 639 835 tib.
658 775 687 834 t.
703 777 741 834 de
766 773 823 834 rita
850 773 926 835 Con·
947 811 950 818 ,
970 777 1052 854 quod
1070 777 1211 856 progredi
1227 777 1354 839 ulterius
1370 777 1593 854 prohiberetur.
1615 781 1735 843 tandem
1762 801 1830 847 cru·

15 821 20 878 ¹
76 849 212 911 slantini.
229 849 284 913 Ubi
300 853 389 913 etiarn
404 856 498 918 aetdit.
515 871 549 917 so
564 855 594 916 id
620 857 777 934 accepisse
806 856 844 917 ab
861 857 927 934 ipso
970 859 1015 918 cis
1024 857 1131 918 'uirtuti
1146 859 1389 923 concessurus
1404 875 1479 923 suos
1494 862 1526 923 in
1541 865 1678 940 seipsum
1694 867 1828 944 retorsit.

15 919 20 966 ¹
77 931 275 994 Constantino
286 934 408 1013 jurante
421 951 485 998 rem
499 938 539 999 ita
554 938 730 1010 sehabere.
756 939 859 1016 Neque
875 955 928 1016 op·
971 941 1060 1002 liutto
1077 957 1200 1020 quoque
1226 943 1368 1004 miraculo
1395 941 1471 1004 lacta
1502 951 1601 1008 narrat
1628 945 1706 1008 Beda
1728 949 1783 1011 iib.
1798 949 1828 1011 3.

75 1014 175 1092 paruit
187 1015 232 1077 illi
248 1033 321 1078 crux
349 1020 380 1078 in
396 1033 527 1090 somno.
555 1026 587 1082 ut
611 1021 800 1084 sozomenus
824 1021 879 1083 lio.
898 1023 925 1083 t.
971 1041 1039 1099 cap.
1056 1022 1094 1084 2..
1105 1024 1212 1086 histor.
1225 1025 1348 1104 inglor.
1365 1039 1420 1103 per
1434 1026 1565 1105 ligneam
1581 1031 1756 1102 crucem,ab
1773 1029 1827 1094 Os-

75 1113 143 1176 cap.
160 1096 191 1160 3.
208 1103 238 1160 et
251 1098 363 1162 Paulus
378 1100 525 1164 diaeonus
552 1103 608 1165 lib.
626 1103 676 1166 tt.
693 1105 793 1167 rerum
808 1119 925 1165 roman.
971 1106 1067 1168 waldo
1082 1121 1155 1184 rege
1170 1113 1275 1168 sancto
1290 1114 1434 1182 erectam,
1451 1125 1486 1170 ec
1505 1110 1581 1186 illud
1604 1111 1739 1174 oranium
1765 1115 1827 1192 pri·

15 1171 19 1214 ¹
75 1180 194 1256 dicuut3
210 1181 267 1242 sed
282 1182 372 1260 piano
383 1182 529 1260 vigilanti,
547 1191 577 1248 ot
589 1186 648 1249 iter
663 1186 783 1249 iacienli
799 1203 869 1248 cerm
886 1195 928 1249 to·
972 1205 1066 1262 mum,
1083 1193 1165 1264 qood
1181 1191 1248 1267 ipso
1263 1205 1331 1251 cum
1348 1192 1453 1266 paucis
1468 1198 1573 1256 contra
1585 1194 1828 1259 irrnumembiles

15 1245 17 1294 ²
75 1271 106 1323 to
122 1264 268 1336 exercitu,
293 1270 326 1325 ut
339 1263 492 1329 Eusebius
507 1268 591 1330 dicit.
644 1271 645 1274 ’
971 1273 1076 1334 hostes
1093 1273 1235 1351 pugnavit
1250 1277 1279 1334 et
1292 1273 1372 1335 rieit.

115 1345 207 1406 Porro
221 1363 282 1408 nen
298 1345 407 1409 lrustra
423 1348 538 1412 dictum
565 1367 635 1414 esso
651 1351 847 1417 Constantino
864 1370 872 1412 ε
889 1353 930 1414 ln
1012 1356 1227 1432 argumentum
1243 1355 1383 1418 ultimum
1397 1373 1413 1416 e
1429 1355 1557 1418 ratione.
1584 1353 1655 1424 itam
1678 1360 1766 1439 signa
1781 1375 1828 1424 re·

15 1405 18 1462 ⁵
75 1425 134 1488 boc
147 1428 240 1505 sigeo
253 1432 358 1502 uince,
373 1440 499 1510 apparet
513 1447 549 1496 ex
564 1434 698 1496 victoriis
712 1435 900 1498 Constantini
917 1481 925 1510 ,
972 1452 1037 1497 rum
1054 1443 1225 1499 sanctarum
1241 1443 1344 1499 sancta
1372 1446 1402 1499 ct
1416 1439 1601 1502 venerabilia
1617 1447 1698 1517 sunt,
1730 1451 1763 1504 ut
1777 1459 1827 1505 su-

15 1505 18 1546 i
74 1526 144 1570 nam
161 1511 214 1571 lib.
230 1512 265 1573 2.
277 1512 317 1574 de
332 1512 390 1574 rita
403 1511 591 1578 Constantini
619 1517 726 1580 scribit
747 1517 900 1579 Eusebius
917 1561 925 1592 ,
971 1533 1023 1596 pra
1039 1521 1244 1581 ostendimus:
1261 1527 1345 1582 certo
1357 1521 1513 1598 quaelibet
1527 1537 1601 1584 crux
1615 1530 1720 1586 sancta
1735 1531 1827 1588 etroa

15 1587 18 1628 1
77 1593 107 1652 in
126 1592 249 1670 praeliis
261 1593 397 1673 iussisse
418 1596 650 1661 consentinam
679 1613 802 1676 semper
816 1600 927 1660 deterri
963 1601 1115 1663 'nerabiiis
1131 1603 1262 1680 estquis
1277 1604 1355 1681 gerit
1370 1603 1533 1683 imaginem
1548 1603 1657 1668 Christi
1673 1607 1820 1683 crucifixi,

15 1669 18 1714 ¹
73 1674 212 1737 labarum
227 1693 319 1738 cruce
334 1678 512 1758 insignitum
525 1681 561 1741 ad
577 1697 644 1743 eam
657 1690 771 1760 partem
784 1682 924 1760 agminis,
970 1683 1060 1756 idest,
1078 1681 1187 1746 Christi
1199 1683 1231 1746 iu
1246 1686 1314 1763 ipso
1328 1701 1422 1763 opero
1436 1685 1657 1768 redemptionis
1671 1692 1823 1772 occupati,

15 1757 17 1794 ⁵
75 1773 154 1834 quare
170 1759 266 1838 magis
281 1759 448 1839 laborabat3
475 1771 505 1825 et
515 1769 711 1843 quocumque
726 1764 864 1826 laborum
878 1781 926 1826 nc·
940 1833 942 1840 ,
973 1781 1034 1846 quo
1050 1765 1126 1827 nihil
1143 1769 1278 1830 sanctius
1291 1769 1540 1848 cogitari‘potost.

15 1837 18 1880 i
74 1843 233 1914 recessisset,
250 1858 318 1904 mox
333 1844 423 1907 etiam
439 1845 593 1908 victoriam
610 1848 697 1926 sequi
720 1847 852 1908 sutilem.
870 1847 926 1907 ltd-
1442 1859 1445 1866 '

15 1919 18 1962 1
73 1924 118 1982 dit
129 1924 254 2000 ibidem,
268 1939 350 1994 eum.
367 1929 417 2003 qui
431 1927 564 1990 labarum
577 1929 745 2004 deferebat,
762 1943 832 1990 cum
845 1934 927 1991 metu

15 2005 17 2046 ³
66 2005 203 2069 bostium
219 2007 398 2070 irruentium
413 2011 590 2089 reliquisset
605 2012 763 2078 labarum.
782 2011 927 2086 continuo

15 2119 16 2128 .
66 2091 927 2173 necartumessezquiauternitluddcmanuabjicientis
1352 2125 1365 2176 ,a
1475 2123 1491 2142 s·
1528 2166 1533 2178 ,
1636 2137 1642 2147 ι

15 2173 17 2212 l
67 2172 217 2248 suscepit,
234 2189 399 2252 numquam
415 2173 497 2236 feriri
514 2177 651 2253 potuisse
670 2225 677 2248 ‚
704 2175 821 2237 etiamsi
839 2178 927 2237 innu·
1070 2213 1073 2220 ·
1265 2160 1308 2224 Di
1328 2177 1422 2241 3111110
1439 2177 1549 2228 miii

69 2254 229 2316 morabilis
247 2271 342 2334 prope
358 2257 417 2318 tete
433 2257 463 2320 in
477 2257 713 2339 illumeonjcoto
729 2255 872 2331 luisseot3
896 2273 927 2319 o·
1146 2333 1151 2344 ι
1340 2334 1346 2347 ⁶
1827 2289 1831 2296 ·

69 2338 152 2398 mnia
168 2337 250 2400 enim
265 2337 422 2417 (mirabile
437 2341 535 2421 dioto)
549 2341 580 2402 in
597 2341 683 2404 hasta
698 2342 799 2404 crucis
820 2340 929 2420 inlige·
1011 2333 1112 2394 liesili
1126 2349 1250 2411 etenum
1263 2349 1377 2406 erneis.
1393 2337 1475 2413 (leod
1486 2338 1520 2400 'in
1542 2338 1653 2410 flente,
1671 2338 1716 2401 lel
1733 2340 1763 2402 in
1780 2343 1830 2404 ile*

67 2419 193 2482 honour,
971 2431 1004 2477 re
1020 2416 1164 2494 pingitur,
1179 2417 1225 2478 vel
1240 2432 1335 2495 super
1360 2433 1570 2500 quascumque
1593 2436 1645 2483 res
1669 2421 1764 2502 digito
1780 2439 1832 2486 ox·

15 2557 16 2566 ,
110 2502 267 2574 Secundo,
284 2505 423 2582 apparuit
443 2521 516 2566 crux
531 2505 719 2567 lucidissima
735 2521 826 2584 supro
842 2521 927 2566 mon·
969 2499 1120 2592 1111111111·
1138 2497 1364 2594 Quod‘signurq
1378 2516 1499 2564 81011111]
1514 2519 1585 2566 0⁵⁵0
1597 2509 1628 2565 θῑ
1641 2506 1829 2570 venerabile·

15 2579 16 2594 ¹
66 2591 131 2646 tern
148 2584 298 2647 olivetum
328 2592 463 2664 ternpore
492 2586 682 2652 Constantini
708 2588 926 2667 imperatoris,
973 2581 1071 2642 Primo
1086 2583 1208 2643 ostende
1234 2587 1386 2677 pelesiex
1406 2583 1513 2662 figuris
1537 2586 1721 2648 Testamenti
1750 2594 1833 2652 veie·

15 2727 16 2730 ,
65 2667 108 2730 de
120 2684 178 2745 quo
194 2667 383 2745 apparitione
398 2676 495 2732 exstat
514 2671 605 2750 epist.
635 2667 737 2752 Cyrilii
760 2670 928 2749 hierosolp-
971 2663 1100 2724 eisdam
1115 2667 1243 2743 sanguis
1258 2663 1330 2744 agni
1343 2681 1374 2726 m
1390 2666 1532 2744 postibus
1547 2668 1833 2750 domorumdequc

66 2749 177 2811 muana
191 2748 231 2810 ad
246 2748 467 2814 Constantium,
971 2743 1066 2807 Exodi
1080 2745 1211 2808 tenum
1225 2748 1307 2809 aliud
1323 2747 1588 2826 significabat,nisi
1600 2751 1834 2831 signumeruois

15 2807 16 2846 Ὗ
111 2831 224 2897 Tertio.
238 2833 381 2910 apparuit
395 2839 532 2914 tempore
547 2834 658 2898 tolient
687 2841 854 2913 apostatae,
874 2835 930 2911 qul
972 2829 1003 2889 in
1019 2829 1170 2890 trontihus
1185 2827 1435 2905 Christianorum,
1451 2833 1620 2909 augustino
1635 2840 1712 2896 teste
1730 2837 1760 2897 in
1775 2837 1830 2898 lib.

69 2930 140 2976 eam
155 2914 409 2994 persequebatur,
425 2922 459 2978 ut
473 2925 574 2979 narret
591 2918 756 2996 Gregorius
774 2918 929 2979 centense·
972 2911 1011 2972 do
1025 2911 1251 2974 catechizandis
1265 2912 1394 2976 rudibus
1405 2929 1473 2991 cap.
1486 2914 1628 2977 20..ltem
1653 2916 1728 2978 illud
1754 2919 1835 2990 Euae,

15 3061 16 3064 ,
69 2997 263 3059 auserunt.
282 2997 311 3058 iu
323 2996 491 3062 lulianum.
507 3000 579 3062 item
594 3017 663 3063 eum
678 2996 818 3062 Julianus
833 3000 928 3078 inspi-
972 2994 1054 3070 quod
1076 2993 1249 3058 Ezechielis
1272 3011 1340 3073 cap.
1364 2995 1395 3057 1.
1416 2997 1543 3076 jubetur
1564 3000 1741 3061 describite
1756 3007 1838 3063 tron-

15 3085 16 3088 ‘
67 3086 253 3142 ceretexsu
268 3079 421 3160 pecudum
437 3083 581 3161 aruspicii
597 3085 704 3162 grotta,
718 3083 834 3144 invenit
861 3097 928 3145 eru·
972 3077 1054 3170 tibus
1075 3078 1278 3174 gementium,
1295 3078 1487 3174 apertissime
1501 3081 1625 3176 sieque
1638 3083 1837 3163 crastenum

69 3177 141 3224 cem
157 3169 344 3240 pogonatum
362 3169 392 3226 01
406 3163 529 3240 quadam
544 3165 928 3244 aruspicespfflqqqppe.
971 3175 1013 3243 ru
1025 3158 1126 3221 irouie
1147 3165 1339 3236 polissemum
1364 3163 1721 3240 pingimus-rodroabot,
1756 3172 1835 3230 testo

67 3243 255 3307 fertranus
269 3244 419 3308 diaeonus
434 3245 548 3326 anetus
574 3248 641 3322 erra,
656 3247 799 3310 croccant
813 3245 930 3324 sigere·
973 3239 1124 3321 cypriano
1144 3242 1177 3303 ir
1199 3242 1254 3305 tib·
1278 3243 1428 3305 adversos
1448 3243 1688 3319 Demetriacus,
1711 3253 1742 3310 et
1762 3247 1834 3310 Hie-

68 3327 135 3389 eari
147 3327 328 3406 religionem
342 3328 550 3403 christianam,
574 3345 653 3408 quae
667 3344 927 3392 erucemrencro-
972 3339 1099 3402 renymo
1122 3324 1153 3385 in
1174 3325 1395 3387 commentario
1417 3325 1603 3408 Ezechielis.
1626 3325 1680 3390 His
1702 3329 1780 3394 adde
1801 3332 1838 3392 it·

67 3409 172 3485 betur,
188 3408 252 3470 lore
267 3417 456 3489 perpetuam,
473 3427 532 3475 noc
548 3427 641 3490 posse
668 3412 747 3473 rinei
763 3427 778 3472 a
793 3410 926 3475 luliaco.
975 3407 1025 3468 lud
1048 3405 1213 3486 apocalyp.
1239 3408 1290 3468 ll.
1311 3407 1468 3472 Habentes
1488 3425 1610 3473 nomen
1631 3409 1713 3488 ejus.
1736 3419 1837 3476 elno*

68 3491 363 3555 adulatoresautern
376 3493 602 3572 ejusdioebant
618 3541 626 3564 ,
642 3493 806 3574 significari
834 3511 928 3571 aogu·
971 3503 1048 3550 men
1067 3487 1172 3550 Pellite
1193 3488 1263 3568 11118
1282 3491 1321 3552 l'tl
1340 3490 1501 3567 sterilibus
1514 3493 1596 3567 see,-
1609 3491 1700 3566 idesi.
1714 3497 1835 3571 sigeum

70 3574 161 3649 stirs,
177 3579 208 3636 et
224 3577 310 3652 qussi
325 3591 466 3640 carceres
480 3577 581 3640 crucis
598 3595 606 3650 ;
635 3579 689 3638 sod
705 3583 833 3640 erentes
848 3579 929 3654 prio·
972 3571 1087 3633 erucis.
1102 3570 1270 3667 itemillud
1283 3572 1453 3670 Apoealyp3
1467 3574 1498 3635 l.
1524 3575 1623 3637 tioiite
1643 3584 1835 3676 benereem·

69 3672 141 3718 rem
156 3662 451 3720 sententiamreram
467 3660 612 3722 ostendit.
626 3660 739 3723 Eodem
764 3666 927 3738 tempore,
971 3669 1030 3715 ree
1057 3659 1197 3722 elmere.
1212 3669 1318 3750 oeque
1343 3655 1524 3752 ecberdus,
1551 3659 1765 3740 quoadusque
1789 3677 1832 3722 so·

71 3738 279 3817 cumiodaei,
294 3739 405 3803 tuliani
419 3743 510 3822 jussu
533 3750 689 3805 exstruere
716 3743 830 3804 velient
854 3748 929 3804 tem·
971 3751 1108 3811 9111111111
1126 3749 1233 3798 semus
1254 3735 1312 3798 Det
1334 3743 1438 3800 iwssit'l
1461 3754 1499 3801 ill
1524 3738 1686 3816 pontibus
1712 3757 1837 3806 evitem·

72 3822 162 3901 plum
177 3821 209 3883 io
222 3821 442 3906 Hierosolymis
454 3826 484 3886 in
501 3825 639 3888 dedecus
653 3824 811 3898 crncifixi,
838 3841 929 3902 appa·
972 3817 1037 3882 Hoc
1052 3819 1133 3914 onim
1150 3817 1283 3896 siguum,
1301 3834 1372 3881 esse
1386 3819 1507 3899 signum
1523 3823 1634 3896 crocis,
1652 3820 1764 3920 docent
1777 3823 1838 3888 de·

73 3904 139 3966 ruit
152 3919 271 3966 rursum
293 3906 326 3967 io
340 3907 412 3970 tiore
427 3908 561 3971 circulos
582 3909 692 3989 ingens
712 3907 845 3972 lucidus.
862 3921 930 3970 eru·
976 3915 1150 3964 cumeanus:
1166 3900 1258 3974 Beda,
1286 3901 1449 3964 Ausetanos
1475 3910 1506 3965 ot
1518 3904 1671 3999 Repertus
1696 3921 1726 4004 ιιι
1753 3909 1838 3971 bunc

74 4003 146 4049 cern
159 3987 439 4066 splendidissimam
454 3990 607 4069 ambie'ns3
624 3997 654 4054 et
665 3996 820 4069 praetereo
836 3991 866 4051 iu
879 4006 929 4053 ro·
975 3984 1090 4046 locem·
1105 3983 1199 4054 Jacob
1215 3999 1337 4064 queque
1352 4001 1421 4047 cem
1438 3986 1615 4048 elecelleils
1630 3989 1771 4055 menibus
1783 3992 1837 4054 be*

75 4070 179 4133 stibus
193 4069 257 4132 iere
272 4073 408 4134 amabam
433 4074 591 4136 bominum
617 4073 686 4155 ejus
700 4073 759 4136 loci
781 4088 930 4151 apparue-
975 4067 1089 4129 nedixit
1104 4065 1176 4128 titiis
1188 4065 1317 4146 loseph.
1335 4065 1411 4130 Geli·
1428 4067 1479 4162 18·
1495 4067 1690 4164 1118111ῆῦ111,
1704 4072 1768 4135 fote
1783 4074 1836 4136 eli·

75 4159 151 4214 runt
164 4167 272 4215 cruces
287 4155 373 4232 quasi
389 4171 508 4219 summo
536 4155 663 4220 ortiiieio
687 4155 881 4231 elaboratae,
899 4161 932 4218 ut
974 4150 1097 4229 quoodo
1108 4156 1241 4228 tempus,
1254 4165 1315 4229 quo
1327 4150 1560 4214 benedictiones
1573 4167 1662 4232 signo
1674 4156 1836 4220 orucistio·

77 4233 189 4298 scribit
202 4233 284 4298 idem
299 4237 502 4302 Nazianzenus
513 4253 559 4302 or.
575 4239 607 4301 E.
622 4239 654 4301 in
669 4238 780 4302 Julian.
975 4237 1054 4294 rent.
1473 4315 1479 4328 .
1791 4257 1794 4263 ’

122 4317 233 4396 Quarto
247 4320 386 4398 apperuit
400 4337 473 4384 cruz
488 4321 518 4382 io
532 4323 603 4384 iere
628 4327 765 4400 tompore
787 4318 929 4394 Arcadii,
1017 4315 1171 4391 Secundo,
1188 4315 1335 4394 probetur
1348 4331 1386 4378 ez
1410 4316 1595 4379 testimoniis
1611 4323 1758 4392 veterum,
1784 4321 1839 4399 qni

77 4415 152 4460 cum
167 4398 332 4480 imperator
345 4402 461 4466 bellurn
477 4405 651 4484 susciperet
663 4419 719 4484 pro
739 4402 801 4466 tide
826 4409 930 4465 contra
975 4397 1082 4474 primis
1093 4397 1269 4477 quingentis
1284 4401 1374 4461 annis
1387 4397 1568 4462 floruerunt.
1584 4399 1750 4480 Dionysius
1763 4419 1790 4465 o.
1804 4403 1838 4467 l.

76 4481 201 4554 Persas,
225 4482 463 4550 Christianorum
478 4493 729 4566 persequutores,
746 4487 777 4548 in
792 4501 852 4563 qno
867 4485 932 4548 bet·
976 4479 1006 4542 5.
1023 4486 1053 4541 ot
1066 4479 1097 4542 6.
1113 4480 1461 4546 ecclesiast.hierareh.
1478 4481 1563 4554 dicit,
1583 4483 1612 4543 in
1630 4484 1773 4548 omnibus
1788 4501 1838 4548 sn·

15 4559 16 4564 ’
78 4565 113 4626 ιο
141 4563 285 4629 divinitus
313 4568 434 4648 adjutus
462 4570 542 4633 tuit:
572 4575 698 4632 testatur
725 4569 784 4632 hoc
805 4569 838 4631 b.
859 4568 931 4630 Pro·
976 4561 1139 4626 oramentis
1153 4561 1292 4627 adhiberi
1305 4565 1429 4644 signum
1444 4565 1555 4626 crucis.
1565 4564 1702 4628 tustinus
1717 4576 1836 4645 quaest.

77 4647 210 4726 speria
236 4635 290 4712 tib'.
317 4651 357 4712 de
380 4652 637 4730 promissionibus
661 4650 771 4714 divinis
795 4657 872 4730 part.
900 4651 930 4713 3.
977 4644 1048 4709 118.
1064 4646 1233 4725 respondet
1244 4645 1411 4725 gentilibus
1426 4646 1656 4742 quaerentibus,
1670 4653 1729 4712 'cur
1753 4649 1838 4713 dhri-

76 4745 151 4810 eap.
166 4728 219 4792 31,
976 4729 1067 4792 stieni
1082 4733 1118 4790 ad
1134 4729 1282 4792 orientem
1297 4736 1430 4792 orarent:
1446 4735 1478 4793 et
1490 4729 1574 4803 dicit,
1591 4745 1730 4794 caussam
1752 4749 1836 4806 esse,

123 4812 244 4886 Quinto,
261 4823 589 4895 apparuerunteruces
610 4817 641 4879 in
671 4814 807 4882 restibus
834 4816 932 4878 borni·
976 4813 1045 4888 quia
1060 4811 1125 4875 lieo
1139 4811 1238 4874 danda
1253 4815 1326 4874 suot
1339 4812 1475 4874 meliora:
1498 4811 1589 4910 Siste
1602 4813 1835 4898 ellemberthi

78 4911 155 4956 num
170 4900 308 4974 temporo
322 4897 432 4962 Leonis
456 4900 662 4976 iconomachi,
691 4913 762 4961 cum
788 4898 931 4962 haeretici
976 4895 1112 4958 deutero
1124 4896 1241 4972 petitu,
1259 4909 1360 4975 quone
1372 4896 1651 4992 mnistrueaqnmn
1665 4899 1769 4960 meleis
1782 4915 1840 4964 ee·-

79 4983 186 5040 conlra
201 4979 350 5063 imagines
365 4997 468 5045 saeros
482 4983 661 5058 insanirent,
675 4989 708 5044 ut
719 4987 845 5044 testetur
858 4981 933 5043 Peu-
975 4977 1159 5056 omonimus,
1175 4993 1261 5041 cum.
1274 4978 1376 5072 elicui
1397 4975 1627 5072 benefecerimus.
1654 4977 1837 5059 Eyppolitus

79 5062 132 5121 lus
154 5060 346 5125 dioecensin
361 5065 419 5124 rite
434 5065 546 5128 Leonis
571 5063 778 5128 iconomachi.
807 5063 853 5126 hd
874 5063 933 5126 hoe
977 5060 1244 5140 quidamseriptor
1267 5067 1504 5130 vetustissimus.
1530 5066 1563 5121 ei
1583 5063 1732 5139 apostolis
1755 5063 1839 5128 semi·

80 5158 182 5220 genus
197 5144 304 5206 retent
317 5149 419 5224 petest
432 5147 579 5228 apparitio
594 5148 695 5212 crucis
723 5146 877 5226 inhnglia
901 5148 933 5208 in
978 5142 1084 5213 liaris,
1119 5143 1208 5224 eujus
1243 5143 1354 5205 librum
1376 5143 1462 5238 stim
1486 5142 1644 5238 'Palladius
1671 5145 1701 5205 in
1729 5145 1837 5210 histor.

81 5223 204 5300 arbore,
221 5240 301 5289 eane
318 5227 407 5291 1539.
422 5231 462 5298 de
477 5247 535 5311 qua
550 5232 619 5293 ride
633 5233 759 5294 itanum
775 5229 902 5308 Copum.
979 5225 1134 5298 lausiaca,
1151 5243 1220 5305 cap.
1238 5225 1308 5287 liti.
1324 5225 1441 5300 sdtlbli,
1465 5239 1616 5321 rrrgrneru¹
1630 5228 1781 5306 quandam
1796 5231 1839 5292 sl·

123 5305 246 5370 Praeter
258 5309 315 5372 bes
327 5313 533 5390 apparitiones
546 5313 690 5376 miracula
714 5314 782 5376 sine
807 5326 936 5375 nomem
980 5323 1041 5385 gno
1056 5308 1156 5372 crucis
1181 5308 1325 5372 munitam
1352 5323 1389 5370 ex
1412 5306 1583 5387 prostibulo
1608 5310 1744 5372 illaesam
1770 5325 1838 5374 era·

82 5391 257 5471 percrucis
278 5390 407 5472 figuram
432 5395 538 5460 edecta
562 5395 669 5459 reterri
693 5400 830 5475 possent.
855 5393 933 5457 lusi·
979 5391 1071 5454 sisse.
1205 5427 1208 5436 ·
1446 5416 1451 5424 ·
1752 5475 1758 5490 ι

82 5487 146 5554 gne
161 5478 208 5536 est
218 5473 483 5554 illudiltlarioois,
499 5479 580 5560 qood
591 5479 685 5542 reteri
697 5477 934 5557 bilieronymus
1020 5469 1225 5536 Tertullianus
1238 5474 1279 5536 ita
1293 5473 1427 5553 loquitur
1440 5472 1537 5536 lib.de
1548 5487 1660 5536 corona
1672 5473 1844 5548 militrsutd

82 5557 197 5619 iactum
212 5558 292 5637 apud
307 5557 503 5639 Epidaurum.
519 5561 592 5625 llam
606 5577 676 5624 cum
696 5575 780 5624 mere
807 5559 934 5639 egrede-
980 5571 1109 5618 omnem
1119 5561 1436 5637 progressumutqne
1447 5560 1639 5652 promotum.
1654 5557 1699 5626 ad
1712 5573 1855 5651 emnem

81 5643 169 5704 retur
181 5640 328 5705 terminos
342 5657 427 5718 suos,
443 5651 474 5709 et
488 5643 656 5724 periculum
672 5649 765 5718 esset,
781 5657 821 5706 ne
836 5642 936 5705 cirita·
982 5640 1109 5703 ceduno
1133 5644 1163 5702 et
1187 5641 1320 5713 emesan,
1347 5639 1393 5701 ed
1412 5641 1587 5708 cestuum.
1603 5641 1840 5706 udcuteeutum

82 5734 148 5790 tom
159 5721 313 5800 obmeret,
330 5725 462 5790 tlilarion
477 5730 509 5792 in
524 5727 624 5792 liltore
637 5733 699 5791 tres
710 5723 937 5805 crucosplmit.
984 5723 1029 5787 od
1041 5723 1184 5802 musmo,
1202 5723 1247 5786 ed
1259 5735 1399 5798 mensus,
1416 5723 1462 5786 ud
1475 5721 1664 5800 linumque
1677 5723 1838 5804 cubicula,

160 5835 320 5895 Bezzuaunn
339 5835 396 5894 Vol.
419 5835 453 5893 tl.
1453 5814 1488 5876 ⁰⁵

15 1087 19 1126 i

1295 1971 1413 2052 carun
1425 1940 1533 2071 auru.
1552 2024 1554 2028 ,
