4110 6310
891 345 1124 408 araunnnntas
1760 341 1812 398 tar
1890 311 1893 320 '

131 474 157 538 li
167 477 325 537 concuret
336 476 433 548 notio,
450 489 517 558 quo
531 477 673 552 diceret,
689 493 775 541 anas
790 476 983 550 linamentis
1030 481 1226 546 mediatorem
1240 481 1309 545 nori
1321 478 1557 550 'testamentiad
1568 475 1793 542 distinctionem
1805 474 1885 556 liog-

130 557 291 620 mediator
304 557 363 620 Dei
374 567 403 621 et
416 561 596 624 hominnm.
1029 567 1074 628 sis
1089 564 1141 644 qui
1157 565 1211 626 iuit
1227 567 1373 628 mediator
1387 563 1573 627 Testamenti
1588 563 1712 623 ueteris.

173 640 330 702 Praeterea
347 639 465 705 Coloss.
482 644 513 706 2.
530 644 652 707 dicitur:
668 643 763 707 Nemo
777 659 831 708 nos
849 647 983 708 sedatoat
1036 647 1041 662 “
1070 647 1147 708 Ηιιιε
1159 648 1285 710 solvitur
1298 654 1508 724 ornamentum
1534 661 1571 706 ex
1595 640 1768 706 testimonio
1782 641 1885 715 hugu-

129 722 985 808 ootcnstnhamtttmteetrettptoncenpetocnm,qaoe
1029 729 1114 802 stini;
1131 728 1201 790 llam
1217 731 1287 808 quia
1302 729 1476 792 donatistae
1506 727 1649 808 putabant
1679 743 1693 784 a
1724 722 1884 786 sacerdote

129 819 199 868 non
210 807 292 867 uidit
306 807 478 870 ambitionis
492 816 549 871 etc.
563 810 596 870 ln
613 827 691 889 qaae
706 812 795 871 rerba
819 812 864 871 sie
878 811 986 872 scribit
1030 811 1165 888 pendere
1180 817 1305 888 gretiam
1321 811 1511 880 sacrementi,
1530 810 1567 871 ita
1582 816 1614 870 ut
1628 808 1772 869 sacerdos
1785 804 1886 866 bonus

129 889 351 950 theodoretus:
368 889 428 965 Qui
440 891 553 968 tapam,
569 893 677 970 inqiut,
695 893 985 966 ancenlabeshaam
1028 893 1186 972 baptizans
1201 895 1412 960 sanctificaret.
1436 895 1581 956 sacerdos
1597 893 1694 952 malus
1723 888 1885 961 baptizans

128 971 227 1032 etiam
241 971 286 1032 ιιιι
300 973 430 1049 angelos
445 975 593 1037 colendos
606 975 805 1039 inducebant
821 1023 829 1046 ,
846 977 985 1038 dicentes
1031 978 1192 1052 pollueret,
1214 986 1244 1040 et
1260 979 1386 1056 proinde
1400 977 1550 1039 farciebant
1562 974 1751 1057 sacerdotem
1769 970 1885 1032 media·

128 1054 302 1132 lepemper
312 1069 364 1116 eos
379 1059 500 1119 dotata.
518 1058 635 1118 Mansit
659 1064 769 1119 autem
793 1061 852 1121 diro
869 1059 927 1120 hoe
941 1059 985 1120 ai·
1031 1067 1126 1120 toretn
1141 1059 1364 1137 quodammodo
1375 1058 1605 1136 redemptionis.
1618 1056 1686 1118 idco
1700 1046 1888 1134 'augustinos

129 1138 213 1198 tiam
225 1135 413 1218 certarnen
437 1144 466 1200 et
489 1137 626 1202 Pisidia.
660 1139 815 1215 Quocirca
841 1145 987 1222 synodus
1031 1144 1131 1208 docet.
1149 1143 1355 1219 ptehenesse
1370 1159 1507 1204 securam
1523 1129 1587 1202 sire
1616 1157 1631 1200 a
1661 1139 1763 1203 hono,
1793 1137 1888 1198 sirea

127 1235 267 1299 quoqne.
283 1235 367 1299 qrcae
378 1224 528 1284 conuenit
540 1223 818 1302 laodiceaeqnnc
839 1233 883 1286 cst
896 1224 986 1286 Phri·
1032 1225 1111 1286 malo
1127 1223 1379 1304 baptismumque
1395 1239 1474 1287 uuus
1490 1231 1537 1286 est
1552 1223 1699 1283 mediator
1722 1217 1775 1281 liei
1791 1223 1821 1278 ει
1836 1217 1889 1311 ho·

128 1303 204 1378 piae
218 1303 411 1379 metropolis,
425 1304 492 1381 lege
513 1305 689 1384 probibuit,
713 1321 753 1368 nc
777 1316 989 1383 precarentur
1032 1307 1148 1369 ruinam
1164 1305 1314 1370 Christos.
1330 1307 1415 1381 Quod
1438 1311 1538 1368 autem
1556 1321 1615 1365 uon
1639 1311 1730 1378 neget
1752 1300 1892 1376 hugustt·

130 1385 306 1462 encpeloset
318 1386 356 1446 ln
370 1385 565 1450 hodiernam
577 1403 679 1468 ιιεριιε
694 1389 781 1450 diem
793 1390 901 1452 videro
917 1390 989 1452 licet
1034 1405 1093 1450 trus
1108 1389 1300 1452 sacerdotem
1316 1405 1408 1467 posse
1437 1389 1496 1450 diei
1528 1387 1722 1448 mediatorem
1750 1386 1865 1446 orando
1884 1427 1892 1456 ,

131 1469 224 1544 apnd
236 1468 355 1538 isboset
366 1484 478 1531 eorum
489 1468 642 1546 finitimos
656 1472 837 1533 crateritis.
853 1473 987 1538 ldieblie·
1034 1477 1129 1549 patet.
1142 1473 1211 1550 qaia
1234 1473 1347 1534 ibidem
1364 1471 1441 1532 dieii
1452 1470 1639 1533 Christianos
1655 1474 1736 1528 reete
1765 1466 1864 1528 iacere
1883 1511 1893 1538 ,

130 1549 183 1611 lis.
199 1548 252 1611 lttt
266 1566 340 1626 ergo
356 1550 414 1613 hoe
429 1553 649 1618 consulebant.
672 1555 785 1632 atinate
806 1554 988 1617 hctnililate
1033 1569 1152 1616 course
1168 1555 1298 1616 invicem
1314 1554 1503 1616 arationibus
1519 1550 1744 1614 commendant.

128 1636 265 1700 etentes,
283 1632 434 1698 dieentes.
449 1635 675 1698 nnioomoram
689 1635 790 1698 Deam
809 1653 869 1700 noc
883 1640 984 1704 cerni.
1078 1635 1177 1698 littora
1194 1655 1315 1704 caussa.
1330 1654 1384 1700 eur
1396 1635 1533 1697 Christus
1558 1635 1674 1696 dicatur
1686 1647 1765 1694 unus
1780 1629 1894 1692 media·

127 1731 190 1778 nec
205 1715 444 1792 comprehendi,
460 1733 520 1780 noc
542 1720 588 1781 ad
602 1735 675 1795 mapa
697 1734 789 1798 posse
802 1723 989 1797 perueniri:
1034 1724 1090 1792 tor,
1109 1724 1165 1793 est,
1184 1721 1253 1796 quie
1272 1719 1410 1782 Christus
1427 1734 1486 1781 noa
1502 1718 1601 1780 solam
1617 1723 1664 1778 εει
1685 1714 1832 1776 mediator
1848 1729 1894 1772 ra-

132 1804 163 1858 et
177 1804 322 1876 oportere
333 1814 394 1876 per
408 1801 540 1878 onpelos
568 1803 714 1864 divinant
728 1802 790 1864 sibi
802 1803 990 1867 beneuolen·
1035 1802 1117 1863 tione
1133 1801 1309 1880 officiisoaia
1323 1801 1465 1864 conciliat
1480 1800 1575 1862 henna
1593 1798 1719 1869 homini,
1736 1796 1792 1858 scd
1805 1795 1894 1856 etiarn

133 1883 216 1942 nam
228 1880 414 1942 conatione.
1033 1883 1151 1946 ratione
1164 1891 1297 1956 naturae,
1308 1886 1376 1964 quia
1393 1890 1440 1946 est
1452 1883 1571 1945 modius
1586 1881 1666 1943 inter
1680 1879 1775 1940 ileum
1792 1883 1823 1939 et
1837 1878 1891 1939 ho·

175 1963 371 2041 Respondeat
388 1962 505 2026 Nullam
529 1962 671 2045 injuriam
693 1965 813 2032 Christo
840 1966 905 2029 fleri
935 1984 990 2045 per
1034 1965 1159 2036 urinum,
1172 1983 1241 2048 oum
1258 1970 1324 2045 ipse
1340 1975 1370 2028 et
1386 1968 1476 2036 ileos,
1493 1971 1524 2026 et
1540 1969 1629 2026 herrm
1642 1964 1692 2024 sit:
1710 1962 1836 2040 id-quod
1856 1979 1887 2018 e·

131 2045 356 2106 inroeattouem
371 2055 557 2109 sauctorum.
574 2047 678 2126 Neque
704 2049 785 2111 caim
814 2050 991 2114 invocamus
1034 2055 1078 2109 rat
1094 2051 1301 2112 necessarium
1318 2052 1353 2110 ad
1366 2047 1624 2111 reconciliandum
1641 2045 1796 2106 hornimera
1813 2044 1890 2104 ilco.

130 2134 266 2196 sanctos.
284 2133 315 2189 ut
330 2129 492 2206 iungentur
507 2131 572 2192 riee
588 2130 759 2204 Christiret
772 2132 922 2196 Christum
938 2136 988 2196 ad·
1033 2130 1118 2193 Hanc
1133 2133 1280 2194 rationem
1295 2131 1426 2194 reddunt
1440 2132 1502 2194 iere
1518 2146 1625 2192 ornnes
1641 2127 1754 2198 Patres,
1772 2133 1805 2188 ut
1820 2127 1888 2186 tm·
1989 2123 1994 2138 “

128 2211 248 2290 jurent,
266 2211 320 2271 sed
343 2217 375 2271 at
389 2211 533 2291 adjurent
559 2229 638 2284 nas,
670 2231 730 2294 quo
760 2216 909 2276 laeiliusu
928 2217 990 2278 ileo
1034 2214 1167 2288 brasias,
1185 2213 1431 2294 chrysostomus,
1448 2209 1888 2291 Tireophptaetas,Theodoro·

132 2309 188 2370 per
203 2291 564 2372 Christum'impetremus
581 2341 588 2366 ,
619 2313 698 2376 quoe
714 2297 871 2374 poscimus
887 2343 895 2368 ,
919 2306 949 2360 ει
963 2301 990 2362 ει
1035 2302 1095 2360 ιιιε.
1113 2295 1332 2364 Οεεειιιειιιεε,
1346 2305 1377 2358 ει
1391 2296 1440 2357 alii
1455 2297 1484 2356 in
1503 2297 1584 2358 hunc
1599 2295 1698 2356 toourn
1714 2292 1891 2356 Paulinae·

130 2381 342 2454 argumentum
358 2375 470 2451 attento
486 2380 617 2454 ralorot;
647 2380 737 2442 etiarn
765 2380 987 2454 concluderet,
1036 2393 1096 2440 nou
1113 2379 1305 2456 Epiphanius
1322 2383 1350 2440 in
1367 2379 1518 2444 Arteorato
1540 2385 1611 2440 onte
1628 2377 1773 2438 etodium.
1790 2375 1821 2436 S.
1839 2371 1894 2452 Cy·

132 2455 195 2520 uon
211 2475 280 2520 csse
297 2459 445 2537 petendas
459 2460 593 2522 virorum
609 2464 773 2526 orationes.
790 2464 872 2544 qaod
889 2469 991 2526 lamen
1035 2462 1188 2524 ritiasiih.
1207 2463 1256 2524 ti.
1274 2463 1405 2524 thesauri
1422 2479 1490 2540 eap.
1509 2459 1557 2522 lb.
1575 2467 1605 2522 el
1620 2460 1674 2522 lib.
1692 2459 1721 2520 l.
1744 2459 1782 2520 de
1795 2457 1894 2518 Trini-

129 2557 203 2601 esse
225 2541 407 2603 eontrarium
423 2541 587 2622 Scripturis
609 2545 698 2606 etiam
722 2545 866 2608 haeretiei
882 2561 991 2609 conoe·
1036 2549 1106 2614 tate,
1126 2551 1195 2606 onte
1210 2545 1356 2610 mediam.
1376 2545 1508 2606 ililarias
1523 2544 1577 2605 lih.
1593 2542 1624 2605 9.
1652 2543 1690 2602 de
1705 2539 1811 2602 Trinit.
1830 2557 1890 2600 raon

132 2626 220 2684 dunt.
1034 2627 1142 2706 procul
1157 2627 1309 2701 ahialim:
1337 2626 1524 2701 augustinus
1550 2625 1604 2688 iih.
1622 2623 1652 2686 9.
1676 2625 1715 2686 de
1731 2621 1818 2684 Cirit.
1834 2621 1888 2682 Dei

175 2704 217 2767 hd
233 2704 364 2784 primurn
386 2721 459 2785 ergo
474 2707 576 2770 iocum
602 2710 787 2788 respondeo:
815 2710 926 2772 Tribus
947 2711 986 2774 de
1034 2727 1103 2784 cap.
1122 2709 1394 2788 lietdatgonlius
1409 2711 1464 2772 tth.
1481 2711 1519 2770 de
1534 2707 1594 2770 flde
1607 2706 1772 2768 adPetram
1786 2706 1890 2782 oapi.

130 2789 252 2849 occussis
267 2787 326 2849 dici
342 2787 491 2852 Christum
508 2807 601 2852 unum
630 2797 660 2852 et
679 2793 780 2855 solum
795 2795 991 2856 mediatorem
1075 2794 1172 2854 tertia
1189 2808 1295 2855 caussa
1312 2794 1443 2873 estquis
1459 2793 1544 2854 solus
1559 2790 1698 2854 Christus
1713 2789 1754 2850 ita
1771 2795 1818 2848 ost
1830 2805 1891 2848 rurr-

132 2869 189 2930 ilei
206 2876 237 2932 ct
251 2869 422 2932 hominurn.
437 2871 557 2944 Primo,
575 2873 644 2953 quia
660 2877 746 2938 solas
770 2876 838 2953 ipsc
860 2877 913 2937 tuit
929 2893 990 2939 me·
1035 2875 1133 2938 diator
1147 2877 1282 2938 uranium
1299 2877 1467 2948 hominnm,
1492 2875 1605 2950 etipse
1622 2874 1706 2932 unito
1726 2871 1894 2934 mediatore

133 2952 233 3014 dialor
247 2967 303 3033 ρει
314 2954 437 3016 modum
459 2955 691 3034 redemptionis.
717 2958 883 3020 dotandum
907 2961 988 3022 enirn
1035 2957 1370 3036 indigeat.Naoasaneti
1386 2958 1498 3024 caeteri
1524 2958 1579 3019 etsi
1611 2956 1796 3016 mediatores
1821 2961 1894 3013 sunt

133 3042 183 3095 est
197 3051 289 3113 posse
305 3035 401 3098 tnbus
419 3038 516 3099 modis
530 3055 625 3100 anum
640 3041 837 3102 mediatorem
853 3042 989 3105 recouei·
1035 3041 1112 3102 inter
1127 3040 1223 3102 Deam
1253 3048 1283 3102 ει
1293 3041 1436 3116 ¹nosmuia
1453 3041 1547 3100 beram
1563 3038 1628 3101 sais
1643 3037 1786 3114 precihus
1803 3035 1894 3100 uoltis

132 3117 296 3179 lierednos
311 3117 510 3196 dissidentes:
526 3137 587 3182 uno
604 3122 693 3184 ntodo
713 3124 907 3192 declarando,
925 3132 992 3186 ater
1035 3121 1197 3201 propitium
1211 3124 1352 3185 reddunt:
1376 3123 1476 3184 tonino
1506 3128 1536 3182 et
1550 3119 1608 3197 ipsi
1635 3120 1830 3204 indiguerunt
1846 3135 1892 3178 re·

129 3200 247 3280 justum
264 3205 357 3278 petet:
373 3203 466 3264 altero
483 3203 572 3266 modo
588 3205 736 3266 solvendo
765 3206 906 3268 credituri
935 3223 990 3286 pro
1033 3205 1186 3268 conciliari
1204 3205 1266 3268 ileo
1282 3223 1336 3281 por
1351 3205 1547 3266 mediatorem
1574 3202 1736 3274 Christum,
1754 3208 1784 3262 et
1811 3215 1894 3262 natae

131 3283 282 3360 debitorc3
298 3283 386 3346 tertio
401 3287 490 3348 modo
505 3286 620 3350 orando
635 3285 816 3360 creditorem
832 3333 840 3360 ,
857 3296 890 3352 ot
904 3290 988 3352 dehi·
1033 3287 1124 3352 ctiam
1136 3288 1282 3365 quiduotd
1297 3288 1388 3350 notris
1409 3288 1589 3365 impetrant,
1606 3303 1622 3346 a
1639 3284 1701 3348 ileo
1728 3300 1782 3361 per
1808 3282 1892 3346 Chri·

132 3372 196 3426 tam
213 3367 354 3427 remittat.
642 3417 645 3424 ι
1034 3378 1113 3434 stum
1127 3372 1312 3450 impetrant:
1336 3369 1474 3433 Christus
1489 3376 1588 3431 autem
1604 3384 1664 3430 oco
1683 3383 1735 3443 pro
1750 3383 1787 3428 se
1804 3413 1812 3432 .
1835 3382 1893 3428 raca

174 3448 292 3509 Primus
307 3449 426 3524 modus,
442 3448 495 3530 qui
510 3455 558 3512 est
571 3450 766 3524 declarando,
795 3459 863 3516 uter
873 3458 989 3531 justam
1034 3469 1090 3530 pro
1107 3455 1196 3516 nobis·
1212 3453 1274 3515 utto
1290 3454 1454 3514 incrdiatare
1471 3452 1609 3528 indiguit,
1628 3453 1672 3512 vel
1690 3450 1817 3526 indiget,
1835 3450 1891 3510 sed

132 3535 227 3608 petat,
243 3529 432 3594 interlleum
461 3538 491 3596 ct
519 3533 674 3596 hominem
690 3581 699 3606 ,
716 3535 827 3597 iocum
849 3551 908 3598 non
938 3535 989 3598 ho·
1035 3541 1068 3598 ut
1083 3536 1192 3597 dieitur
1206 3535 1300 3598 Hebr.
1328 3535 1357 3597 i.
1380 3533 1506 3598 Accedit
1529 3549 1590 3613 per
1612 3532 1821 3610 semetipsam
1845 3534 1893 3592 ειι

136 3614 202 3684 het,
218 3613 288 3691 qnia
304 3621 423 3678 constat
436 3614 532 3682 Deum
548 3615 587 3678 ah
603 3617 726 3680 bomine
739 3634 811 3680 esse
825 3615 988 3682 oltensum.
1036 3620 1137 3681 amm
1162 3635 1291 3698 scalper
1314 3619 1424 3682 alcetas
1452 3619 1497 3682 od
1523 3615 1803 3694 interpellandum
1828 3631 1890 3692 pro

177 3694 320 3758 Secundo
334 3697 426 3760 modo
440 3698 526 3760 solus
542 3697 679 3761 Christus
708 3708 755 3763 cst
770 3701 916 3772 mediator
935 3700 990 3764 liei
1035 3701 1139 3763 nobis

134 3782 168 3838 et
182 3778 351 3854 homiuum,
379 3787 408 3842 et
422 3781 481 3842 hoo
496 3781 587 3843 modo
603 3781 735 3860 loquitur
749 3781 907 3858 apostolas
923 3829 930 3856 ,
959 3791 991 3845 ut
1075 3783 1159 3845 liano
1173 3783 1321 3845 rationem
1337 3789 1486 3862 sequutus
1511 3787 1557 3843 est
1586 3779 1619 3842 b.
1634 3777 1820 3857 tergestinus
1834 3778 1890 3840 lih.

133 3865 218 3939 patet
234 3866 296 3922 turn
325 3876 361 3924 ex
376 3879 425 3936 eo,
453 3865 535 3941 qaod
548 3864 662 3926 subdit:
680 3865 842 3943 baldelii:
865 3867 989 3930 sarneii·
1034 3865 1064 3927 2.
1081 3873 1183 3928 eorrtra
1199 3865 1431 3927 Parmenionem
1447 3883 1514 3944 cap.
1530 3862 1561 3926 il.
1577 3863 1739 3929 llomines.
1764 3861 1864 3938 inquit
1880 3909 1889 3932 ,

132 3957 234 4020 psam
245 3944 497 4025 redemptionem
515 3945 682 4028 pronubis
698 3965 707 4023 3
725 3949 891 4010 tumeliam
920 3949 990 4026 onia
1035 3965 1144 4011 omnes
1162 3949 1337 4012 Christiani
1355 3949 1494 4010 inuicem
1514 3963 1548 4010 se
1560 3945 1789 4010 commendant
1817 3959 1890 4004 oro·

133 4025 244 4086 scribit
265 4028 301 4087 ad
316 4026 507 4090 Timotheum
523 4029 704 4107 episcopam
718 4030 831 4109 Ephesi
847 4032 876 4091 in
897 4031 987 4104 hsta,
1034 4032 1174 4094 tionibus
1187 4033 1267 4095 sais.
1282 4047 1342 4108 pro
1356 4047 1420 4110 qno
1436 4035 1545 4092 antem
1558 4028 1669 4091 nnlirts
1692 4026 1888 4104 interpatet,

134 4106 189 4168 ubi
205 4113 276 4170 tuac
289 4109 408 4188 rigebat
421 4111 558 4174 haeresis
573 4111 727 4186 Simonis,
758 4129 848 4192 quoe,
863 4114 989 4193 angelos
1033 4117 1092 4178 sed
1103 4131 1164 4194 pro
1180 4114 1339 4186 omnibns,
1356 4113 1407 4176 hie
1422 4127 1508 4176 anns
1525 4157 1533 4180 .
1549 4109 1707 4190 cerasano
1728 4110 1892 4174 mediator

132 4189 204 4253 laco
220 4189 330 4253 Christi
347 4189 574 4264 introducebat,
591 4194 674 4257 uode
689 4197 779 4257 etiam
795 4196 826 4257 in
843 4196 933 4272 epist.
950 4198 986 4257 ud
1034 4203 1089 4258 ent.
1107 4197 1143 4258 Et
1157 4197 1229 4258 hinc
1245 4203 1324 4275 patet
1339 4197 1396 4258 ntia
1412 4196 1524 4258 solatio
1548 4193 1585 4254 ad
1609 4198 1822 4270 argumentum
1852 4209 1890 4255 en

131 4272 297 4349 Ephesios,
313 4279 344 4334 et
357 4275 393 4336 ad
409 4274 586 4355 Colossqui
600 4284 671 4339 saut
685 4278 790 4357 populi
805 4277 902 4351 tsine,
920 4295 987 4355 pas·
1034 4280 1135 4342 verbis
1149 4279 1231 4342 beati
1245 4279 1413 4358 Augustini,
1431 4294 1491 4339 oon
1507 4276 1590 4339 enirn
1606 4283 1720 4354 negat,
1747 4273 1820 4355 quia
1837 4291 1885 4338 sa·

131 4357 193 4416 siro
208 4355 341 4419 inculcat
355 4356 506 4421 Christum
522 4375 592 4422 esse
607 4369 698 4439 caput
713 4363 802 4424 totius
816 4359 984 4435 Ecclesiae,
1034 4363 1143 4424 cardos
1158 4363 1255 4439 possit
1271 4378 1342 4424 esse
1358 4360 1504 4424 mediator
1526 4358 1649 4420 orando.
1670 4374 1724 4436 pro
1746 4358 1860 4437 populo
1877 4376 1886 4434 ;

129 4444 164 4500 ει
179 4453 234 4516 ρει
247 4455 316 4502 eum
329 4440 662 4509 solumreconoiiiatum
674 4459 743 4506 esse
755 4443 984 4506 mundumtteo.
1032 4445 1090 4506 uisi
1104 4445 1136 4508 iu
1148 4461 1185 4507 eo
1199 4461 1305 4515 sensu,
1321 4461 1382 4522 quo
1395 4443 1541 4506 mediator
1555 4440 1608 4503 Dei
1625 4445 1656 4504 ει
1666 4442 1823 4504 homiuum
1839 4442 1883 4502 di·

173 4519 328 4584 Postremo
344 4524 641 4600 modoetiamsanctt
656 4527 714 4587 diei
730 4527 860 4605 possunt
874 4528 985 4589 medin·
1031 4528 1120 4597 citur,
1137 4529 1187 4604 oui
1204 4545 1259 4606 pro
1274 4527 1416 4602 omnibus
1431 4524 1615 4603 interpellat,
1630 4530 1660 4586 et
1671 4525 1739 4604 ipso
1751 4523 1840 4585 ‘cotto
1855 4541 1888 4586 e-

130 4609 216 4665 tores
229 4605 412 4668 interbeurn
436 4613 466 4669 ct
480 4623 546 4674 eos,
564 4627 617 4686 pro
633 4610 745 4688 arathus
760 4616 858 4672 orant.
875 4609 979 4688 Neque
1030 4617 1091 4684 get.
1109 4612 1159 4687 qai
1177 4627 1231 4688 pro
1246 4626 1281 4680 εε
1301 4609 1498 4688 interpellet,
1525 4613 1577 4670 aut
1605 4622 1767 4686 perquem
1792 4606 1886 4668 iuter-

128 4692 192 4756 est,
208 4703 262 4748 our
277 4687 567 4762 timeamus,nouren
583 4691 756 4753 mediatoris
772 4691 932 4755 transferre
946 4693 985 4755 od
1029 4693 1134 4771 pellet.

128 4771 352 4842 sanetossicat
366 4773 403 4834 ad
419 4787 473 4833 eos
488 4772 698 4836 transierimus
723 4789 834 4836 nomeu
849 4774 985 4838 advocati
1070 4775 1159 4854 Urget
1174 4773 1313 4838 Calvinus
1329 4775 1411 4837 huno
1425 4773 1526 4836 locum
1543 4770 1724 4850 Augustini,
1752 4770 1803 4850 qai
1820 4770 1879 4834 ait:

127 4858 163 4914 et
177 4851 401 4925 intercessoris,
417 4871 494 4931 guare
510 4855 628 4918 Christo
652 4855 824 4918 tribuantur
850 4855 937 4920 Rom.
953 4856 984 4920 8.
1030 4857 1092 4920 Pro
1106 4873 1169 4938 qno
1184 4857 1295 4920 nabas
1308 4857 1501 4936 icrterpcllal.
1526 4859 1555 4918 ει
1567 4856 1636 4932 ipse
1646 4870 1705 4932 pro
1721 4853 1881 4924 omnibns,

127 4940 162 4996 et
179 4935 207 4995 l.
222 4933 310 4998 ioan.
327 4937 358 4997 2.
374 4937 444 4999 iiam
460 4953 487 4998 s.
503 4937 666 5016 Gregorius
683 4940 884 5002 nazianzenus
906 4941 935 5001 in
952 4958 985 5002 o·
1031 4942 1082 5003 hie
1095 4957 1192 5008 amans.
1207 4957 1365 5018 omneqeo
1378 4939 1538 5002 mediator
1552 4943 1607 5000 εει.
1625 4937 1685 4998 Sed
1700 4937 1808 5005 sancti,
1825 4953 1881 5015 per

128 5017 249 5078 ratione
264 5019 300 5078 ad
317 5017 492 5100 Gregorium
510 5015 687 5098 nyssenum,
704 5028 850 5100 martyres
872 5024 984 5084 media·
1032 5039 1088 5086 nos
1102 5030 1188 5086 orant
1202 5041 1256 5100 pro
1272 5024 1372 5095 nobis,
1389 5029 1419 5084 et
1435 5037 1525 5084 uerno
1541 5036 1594 5098 pro
1608 5018 1880 5100 illilecspoudeo:

127 5107 216 5160 tores
230 5101 391 5170 internos,
408 5109 437 5163 ct
448 5101 543 5164 ileum
555 5105 699 5182 appellat,
714 5109 744 5166 ει
757 5102 916 5183 sCyritlus
931 5105 984 5167 tib.
1032 5107 1064 5166 ll.
1080 5105 1295 5184 augustinum,
1312 5123 1381 5166 eum
1396 5102 1617 5178 att,.Christmn
1644 5118 1698 5178 pro
1724 5099 1814 5164 nohis
1836 5103 1881 5164 iu·

130 5181 184 5243 t2.
203 5183 335 5245 thesauri
351 5199 420 5263 cap.
437 5185 485 5246 to.
509 5184 582 5248 dicit
596 5187 759 5265 prophetas
787 5193 818 5249 et
831 5189 987 5264 apostolos
1032 5189 1288 5268 terpetlore‚relle
1303 5186 1574 5262 dicere‚Cbristom
1590 5199 1660 5246 esse
1672 5198 1882 5260 quemomnes

2 5256 6 5263 ’
126 5264 985 5347 οιιιιιεειειεεειιιειιιειοιεε,,ειιιορεεειρεειιειιιει.5.
1032 5270 1436 5350 interpellaut‚utomniarn
1452 5267 1661 5334 mediatorem,
1685 5266 1881 5346 sireillipro

124 5346 208 5407 dicit
222 5347 261 5410 de
274 5364 321 5409 se:
338 5347 404 5427 Ego
418 5356 579 5428 εεριιεειεε
593 5356 622 5412 ει
634 5352 749 5414 ειειιιιε
762 5352 912 5430 notanter
924 5351 985 5415 Do·
1031 5371 1077 5422 se.
1094 5355 1158 5416 sire
1172 5370 1228 5432 pro
1249 5355 1317 5416 aliis
1332 5358 1429 5416 orent.
1447 5352 1509 5414 iloe
1524 5349 1614 5414 modo
1629 5348 1768 5413 Christus
1783 5353 1877 5414 inter·

128 5429 260 5492 minam
273 5435 303 5492 et
314 5445 380 5501 aas,
391 5432 430 5493 ln
441 5437 580 5512 tempore
591 5434 659 5496 itio.
676 5434 793 5510 Quibus
817 5435 918 5496 verbis
941 5436 984 5498 at·
1029 5437 1123 5514 pellat
1138 5454 1219 5498 nune
1235 5452 1289 5513 pro
1303 5436 1336 5498 h.
1352 5435 1451 5505 Petro,
1467 5448 1528 5496 non
1543 5434 1622 5513 quod
1652 5441 1718 5495 oret
1739 5449 1793 5512 pro
1809 5433 1878 5512 ejus

131 5511 246 5572 ludens
259 5515 416 5592 apostolus
431 5513 525 5578 Galat.
539 5515 569 5578 3.
584 5516 777 5595 dieit,legem
791 5522 924 5579 veterem
936 5535 983 5579 or·
1029 5520 1138 5588 salute,
1154 5518 1209 5581 sed
1226 5517 1295 5597 guin
1311 5518 1483 5594 interpellet
1499 5533 1553 5592 pro
1568 5517 1666 5578 salute
1691 5531 1770 5585 mea.
1786 5533 1876 5595 onam

131 5591 370 5659 dinatamiuisso
381 5613 437 5677 per
450 5598 588 5676 angelos3
602 5600 640 5660 in
654 5615 757 5662 monn
782 5600 980 5667 mediatoris.
1028 5602 1118 5665 ctiam
1135 5602 1164 5663 b.
1181 5601 1285 5664 Petrus
1301 5602 1444 5680 postulat.
1461 5599 1580 5678 hlioqui
1597 5599 1687 5662 etiarn
1712 5601 1812 5676 angeli
1829 5615 1875 5660 es-

132 5677 225 5754 idost,
241 5679 363 5762 tiogsis,
393 5685 424 5744 ει
437 5680 530 5752 Hebr.
552 5681 583 5746 9.
600 5691 630 5745 ει
647 5681 694 5744 li.
717 5687 802 5748 uocat
830 5681 980 5750 Christum
1028 5691 1097 5750 sent
1112 5685 1293 5748 mediatores
1308 5699 1345 5746 co
1361 5683 1463 5758 modo,
1481 5699 1540 5762 qao
1556 5680 1705 5756 Christus,
1729 5697 1798 5746 narn
1822 5699 1876 5744 an·
