4082 6300
838 365 935 426 URBE
953 363 1093 426 seembs
1724 369 1775 430 lot

87 495 181 562 mode
195 495 327 560 dubitari
342 502 459 576 posset,
483 502 583 562 ulrum
604 511 641 560 ax
656 497 777 564 duobus
801 507 946 569 essetne·
992 497 1133 576 cprslelis
1148 499 1217 566 eiua
1230 502 1470 578 embolismum,
1494 503 1550 568 scd
1571 503 1727 568 miseriam
1738 503 1846 574 llcelc

87 597 156 644 rum
172 578 340 644 concilium
357 579 516 644 Ecclesiae
530 581 688 660 yellerale.
991 583 1056 648 siae
1070 627 1079 654 ‚
1095 591 1219 662 propter
1229 585 1455 668 intestatioeem
1467 586 1703 667 baereticorum
1716 586 1802 662 Quae
1815 607 1846 654 a·

126 661 253 736 Tertio,
277 660 361 726 Deus
385 680 508 741 queque
530 663 712 728 sententiare
734 677 820 728 suern
842 669 946 735 dicere
992 667 1053 727 nina
1066 664 1209 729 dicuntur
1223 683 1260 731 eo
1275 668 1501 734 locoadrersus
1516 671 1701 750 episcopos,
1717 685 1780 735 nou
1800 672 1845 736 di·

85 746 221 820 rolens,
248 751 307 806 tarn
335 745 476 808 horribili
497 752 584 826 peste
611 744 761 812 Easileem
779 754 851 814 lunc
872 753 945 816 aiiii·
991 749 1261 814 cueluradrersus
1276 750 1440 830 episcopos
1461 752 1641 829 catholicos,
1658 759 1692 817 el
1705 751 1846 820 Erealius

84 829 193 906 gebat,
215 831 250 890 ut
260 827 357 908 major
381 845 452 906 pars
476 843 584 892 eornm
604 829 750 904 Parrum,
776 833 828 912 qul
855 833 899 897 ibl
915 853 945 900 e·
991 832 1354 911 pulavll,secadaersns
1369 834 1533 914 episcopas
1547 835 1681 900 arianus.

84 919 178 986 rant,
205 911 252 974 rel
276 909 422 989 erliacli3
452 911 500 975 rel
525 912 675 980 secedere
701 909 800 977 eoacti
821 915 945 982 luerint.
1031 914 1156 977 Elsane
1178 915 1326 979 credibile
1351 923 1414 988 est,
1439 917 1596 983 Brcnlium
1617 935 1680 982 nou
1700 934 1739 982 ex
1758 918 1845 1000 ipae

85 993 175 1070 Quae
195 991 296 1056 omnia
312 994 405 1058 reiert
418 995 536 1058 deneas
550 993 673 1076 Sylvius
686 995 718 1058 iu
732 997 858 1064 historie
873 1019 946 1068 coa·
990 997 1107 1068 rarelia,
1124 998 1180 1059 sed
1202 1015 1241 1060 es
1252 998 1364 1060 malitie
1376 1013 1540 1076 peccasse,
1552 1000 1625 1064 llam
1650 1001 1767 1065 ibidem
1781 1050 1790 1079 ,
1812 1009 1846 1066 ut

84 1077 139 1141 cili
155 1075 364 1152 basileensis,
387 1077 437 1140 eui
459 1077 526 1156 ipse
548 1078 704 1154 interluit,
729 1088 760 1142 el
774 1099 865 1160 qnam
881 1088 946 1148 eol·
990 1081 1070 1156 opud
1089 1079 1266 1160 ,episcopos
1289 1081 1456 1148 catholicos
1481 1084 1590 1147 doceat
1617 1099 1679 1148 non
1706 1095 1778 1149 esse
1796 1099 1847 1150 rc·

83 1162 202 1222 nerent
224 1174 324 1238 nuper
344 1157 491 1226 haeretici
507 1159 724 1234 basileenses,
746 1168 946 1243 lamnansr-
989 1178 1054 1224 raam
1080 1161 1272 1235 llecleslnn,
1299 1163 1449 1252 referres
1476 1165 1531 1228 lib.
1555 1166 1605 1230 ll·
1632 1166 1745 1230 sumai
1769 1167 1844 1232 hist.

82 1241 119 1304 bi
139 1244 291 1306 brentam
306 1285 316 1319 ,
332 1249 457 1322 propter
470 1242 645 1308 domnolum
659 1243 830 1324 Eugenium
845 1292 854 1317 ‚
875 1265 946 1314 curn
992 1243 1173 1308 Ecclesiasl.
1188 1262 1257 1325 cap.
1270 1245 1301 1309 d.
1317 1245 1453 1326 tluysem
1466 1248 1623 1312 eremitam
1638 1255 1778 1316 sanctum
1792 1267 1847 1314 eo·

81 1341 191 1388 reuera
214 1326 277 1388 illis
296 1325 464 1404 plurimum
487 1331 608 1390 euocat.
630 1327 739 1400 Adde,
769 1331 852 1408 qued
874 1349 946 1396 eon.
990 1327 1095 1392 luisse„
1112 1327 1173 1390 ullo
1196 1329 1287 1392 modo
1309 1329 1443 1392 ordinari
1457 1329 1496 1392 ab
1511 1331 1658 1411 episcopo
1674 1333 1845 1396 alexandri·

84 1407 384 1472 ciliumbasileeesa
398 1407 578 1472 Leuseeeae
593 1410 825 1487 coelensium,
843 1415 947 1496 subje·
992 1424 1043 1476 oo.
1056 1410 1108 1488 oui
1125 1415 1189 1472 eral
1210 1418 1280 1491 post
1304 1426 1463 1475 romaum
1487 1411 1664 1493 l¹⁰ss¹ffi⁰⁰ffl
1685 1415 1847 1495 primm

84 1490 127 1554 eil
142 1508 179 1555 se
194 1490 341 1567 Nicolao,
361 1497 396 1554 ut
409 1493 541 1569 prietes
555 1491 684 1572 epistola
699 1491 812 1556 Nicolai
828 1495 865 1559 V.
917 1539 923 1557 .
990 1491 1171 1570 patriarcha.

126 1574 214 1638 liene
229 1575 267 1638 ad
286 1574 355 1638 loca
370 1574 503 1638 Patrem.
517 1573 563 1636 ad
577 1574 726 1641 Hilarium
737 1576 808 1640 dico
824 1579 944 1658 primo,
1019 1575 1067 1636 Et
1082 1575 1113 1636 ia
1128 1574 1237 1638 eodem
1252 1576 1330 1638 libro
1344 1581 1376 1639 et
1386 1575 1486 1656 eapite
1498 1576 1637 1640 sumnus
1650 1578 1724 1645 dicil
1737 1579 1845 1654 ,illum

84 1657 115 1719 id
132 1661 216 1736 quod
231 1656 393 1735 respondit
413 1657 488 1720 olim
501 1656 631 1736 August.
657 1657 750 1738 episi.
776 1658 829 1724 le,
844 1661 945 1728 Dona·
990 1657 1170 1736 episcopum
1185 1657 1686 1736 alexandrinumlu'lsseeriauum,
1697 1663 1849 1740 elsaeris·

82 1738 262 1802 lisllsidem
282 1738 492 1802 testimonium
513 1738 755 1820 objicientibus,
775 1741 946 1811 Ecclesiam
990 1743 1368 1819 simumpersequulorom
1389 1741 1627 1814 cumbrorum,
1643 1748 1675 1806 ti
1688 1749 1850 1823 propterea

84 1821 380 1900 quidaminierdum
400 1822 765 1887 obscurarimulliludiee
786 1829 946 1892 scandalo·
988 1823 1121 1902 llnysena
1138 1822 1277 1886 uolasse
1294 1822 1333 1884 ab
1359 1837 1412 1899 eo,
1428 1825 1485 1888 sed
1499 1824 1544 1887 'ab
1569 1825 1672 1906 aliquo
1696 1825 1846 1892 catholice

82 1921 177 1977 mm,
200 1905 260 1968 sed
278 1905 319 1968 ila
333 1904 600 1978 encausticae
616 1906 731 1970 luoca'n
747 1908 814 1970 suis
835 1909 945 1976 flemis
989 1905 1123 1968 ordinari
1137 1924 1147 1980 3
1168 1904 1209 1968 'lte
1221 1911 1254 1968 ul
1270 1905 1354 1968 nulia
1378 1905 1496 1968 ratione
1518 1907 1601 1972 ireos
1615 1915 1647 1971 ol
1658 1907 1849 1990 impudentia

79 1987 171 2050 simis
185 1988 308 2052 emioea
333 1992 363 2061 t,
388 1989 470 2052 sicui
484 1999 588 2052 resera
607 2003 645 2050 eo
660 1995 812 2070 tempore,
830 1993 870 2055 de
884 2012 945 2074 quo
989 1986 1101 2050 breulii
1118 1986 1191 2066 legi,
1208 1989 1256 2050 rel
1270 1989 1411 2061 excusari
1426 1993 1529 2065 queat.
1564 2065 1567 2070 ι

82 2069 223 2150 loquitur
243 2069 310 2133 Hila
329 2071 400 2145 ius,
424 2069 582 2134 eminebat
602 2069 741 2136 Ecclesia
753 2072 785 2138 in
799 2073 896 2151 lullo,
912 2077 947 2140 l·
1029 2068 1768 2150 tdbernardumdieo,eunreprehendererllla
1783 2089 1848 2138 mo·

79 2153 229 2217 thanasie
245 2199 254 2226 ,
277 2151 403 2226 Hilario,
420 2151 556 2216 Eusebio
571 2151 776 2230 vercellensi,
802 2173 839 2220 ac
860 2160 946 2224 dein·
988 2169 1075 2224 rum,
1098 2155 1162 2216 nun
1177 2153 1248 2216 vilia
1264 2152 1434 2220 doctrinae.
1450 2157 1482 2216 ct
1497 2169 1559 2216 uun
1570 2160 1733 2234 propterea
1748 2156 1847 2220 orodi·

76 2235 117 2298 dc
133 2235 166 2296 in
183 2236 338 2306 Damaso,
353 2234 514 2298 ambrosio
527 2235 687 2312 ,·Easilio,
718 2237 866 2318 Gregorio
891 2260 945 2306 ee·
988 2235 1086 2309 disse,
1099 2235 1350 2316 episcoposillos
1364 2235 1464 2298 malos
1478 2252 1541 2298 non
1565 2236 1662 2300 luisse
1687 2253 1760 2302 rere
1782 2239 1848 2317 epi-

77 2319 249 2393 aiaaaeuo,
266 2317 397 2398 allisque
414 2333 474 2380 non
496 2317 604 2397 paucis
629 2317 837 2397 firmissimis,
853 2332 944 2405 alque
988 2333 1114 2397 scopos.
1130 2317 1295 2397 lpseeaim
1315 2332 1409 2380 serm.
1422 2317 1523 2380 lib-in
1536 2317 1661 2392 dentice
1684 2320 1850 2384 reialtilex

76 2399 342 2464 constantissimis
356 2401 515 2465 Ecclesiae
530 2402 696 2466 columnis.
987 2402 1128 2464 inslilutu
1143 2400 1312 2479 aposlolico
1335 2399 1521 2476 beerelioos,
1537 2401 1591 2481 qui
1606 2401 1768 2480 dicebant,
1783 2404 1848 2484 epi·

115 2482 196 2546 ilico
209 2483 365 2557 seeundo,
386 2483 536 2546 bliterium
561 2484 646 2563 loqui
672 2501 710 2548 eo
733 2486 801 2550 loeo
827 2495 944 2554 tanturn
988 2499 1101 2563 scopos
1117 2481 1213 2546 malos
1228 2497 1375 2545 neeesse
1390 2484 1568 2562 episcopos.

75 2562 116 2628 de
132 2565 275 2630 Ecclesia
291 2565 587 2642 mediolanensi,in
603 2583 663 2645 cue
679 2569 767 2632 molli
782 2571 942 2651 simplices
1027 2568 1074 2630 'Ad
1090 2565 1342 2646 chrysostomum
1365 2569 1428 2642 jam
1451 2581 1638 2646 responsum
1666 2572 1846 2647 estsupra,

73 2648 304 2712 venerabanun
314 2647 495 2712 terentium
508 2685 522 2722 ,ν
540 2655 574 2712 ιιι
589 2650 794 2726 catholicum,
818 2673 887 2717 curu
902 2665 942 2718 ra.
988 2651 1079 2712 rerba
1090 2649 1141 2710 ille
1153 2650 1314 2727 desumere
1324 2663 1398 2710 esse
1411 2648 1846 2730 exopereimperieclo.ryuod

74 2745 148 2793 men
162 2731 398 2795 esscteriaoos.
410 2731 483 2794 unu
495 2733 571 2796 mire
583 2733 748 2796 calliditate
760 2735 870 2814 egebat
884 2740 943 2801 hu·
986 2733 1034 2795 rel
1048 2731 1140 2794 hobel
1154 2736 1308 2794 auctorem
1327 2731 1515 2802 hoereticum
1530 2731 1676 2794 Attalium
1693 2779 1701 2806 2
1731 2733 1781 2796 *⁰¹
1794 2732 1850 2796 full

75 2812 227 2892 sentius,
251 2821 285 2878 ut
307 2815 478 2881 abbrienis
500 2821 721 2894 agnosceretur
744 2818 896 2895 arianas,
913 2827 944 2885 et
987 2813 1025 2877 ab
1039 2815 1202 2878 haereticis
1215 2813 1424 2892 deprevatum.
1446 2813 1524 2876 Vide
1550 2813 1660 2881 homil.
1675 2812 1727 2879 id.
1743 2813 1801 2879 ltbl
1814 2831 1847 2878 e·

75 2902 182 2960 leuacn
199 2897 336 2960 amnttis
349 2896 545 2976 simplicibus
559 2897 738 2962 crederetur
759 2902 941 2968 catholicus.
986 2905 1074 2976 perte
1088 2901 1177 2962 rocol
1188 2896 1364 2963 bocrelieos
1374 2895 1608 2962 homousianos.
1647 2917 1651 2926 ·

76 2977 149 3042 Vult
162 2979 257 3058 igitur
278 2979 596 3054 ffllarius,eonesse
620 2981 808 3046 credendum
822 2984 941 3049 doxon·
1050 3044 1053 3064 ,

77 3057 144 3132 lie,
175 3063 296 3125 etiamsi
323 3063 491 3142 episcopus
515 3061 691 3136 rideretur,
721 3071 752 3127 el
774 3067 805 3127 io
828 3071 942 3147 templo

76 3144 337 3220 concludamur,
361 3149 392 3208 et
413 3143 524 3208 nehus
545 3159 638 3222 esse,
660 3143 692 3208 in
714 3150 891 3216 carceribus
912 3161 942 3215 et
1309 3164 1428 3228 cyplyy
1448 3157 1542 3227 my,

76 3227 241 3306 speluncis
253 3243 378 3291 monere
392 3243 464 3292 oum
477 3233 559 3292 reeta
575 3226 659 3306 ilde,
676 3245 768 3310 quam
778 3231 809 3295 iu
827 3236 941 3315 lemplo

76 3309 133 3372 Dei
149 3327 223 3374 cuna
236 3310 413 3375 haereticis.
880 3341 882 3346 ·

117 3391 187 3456 Eoc
208 3399 337 3470 numm,
360 3392 443 3476 quod
465 3392 577 3458 dicitur
601 3393 715 3458 denuo
730 3395 860 3472 clrilere,
877 3419 937 3464 una
985 3393 1163 3464 soluuulur
1182 3398 1401 3474 depereunte,
1425 3390 1543 3472 quibos
1571 3391 1756 3458 odoram
1771 3407 1846 3472 pro·

73 3474 208 3540 basilica
239 3481 271 3540 el
295 3492 358 3539 une
380 3473 554 3556 episcopo,
591 3491 654 3540 noe
676 3483 778 3558 polest
799 3482 877 3544 trahi
898 3486 937 3550 nd
1021 3477 1127 3552 boat,
1153 3483 1302 3559 posterea
1313 3476 1477 3542 Ecclesiae
1488 3489 1600 3538 matoes
1619 3475 1721 3540 amm,
1738 3481 1849 3542 errore

77 3558 251 3622 Ecclesiam
280 3559 468 3622 nniversam.
497 3559 600 3622 Potest
627 3560 714 3623 euim
733 3559 822 3638 lieri,
853 3571 885 3627 ut
906 3586 940 3629 u·
1026 3576 1131 3640 posse.

75 3642 322 3721 nusapiseepns
342 3641 581 3716 moncellis,
612 3648 725 3705 etuno
754 3646 942 3725 templodo·
1031 3652 1052 3674 ’·
1152 3699 1156 3708 .
1266 3669 1269 3676 ’

75 3728 146 3786 ceal
171 3724 354 3800 baeresim,
375 3739 438 3788 nou
460 3729 562 3787 lamen
585 3729 618 3787 ul
631 3741 741 3789 omues
755 3726 895 3808 episcopi
910 3733 941 3794 iu

75 3807 226 3870 amnibus
247 3807 379 3872 nameus
394 3811 425 3872 el
438 3807 564 3888 leupus
577 3808 684 3872 munel
699 3807 791 3872 lellus
809 3811 943 3878 auena·
1029 3806 1116 3880 eund
1133 3807 1271 3870 Ecclesia
1295 3807 1345 3870 rol
1365 3806 1475 3870 salum
1498 3819 1612 3869 annes
1631 3811 1770 3886 eastum
1791 3807 1848 3872 ac

75 3891 173 3953 ιιιιιι.
669 3915 672 3922 ’
989 3888 1103 3952 clesine
1124 3890 1218 3953 simul
1239 3903 1341 3952 errare
1364 3892 1495 3968 possint,
1511 3888 1848 3970 probanlprimo,euie

114 3973 163 4036 Ad
177 3972 282 4036 locum
296 3971 474 4054 Hieronymi
488 3971 686 4054 respondeo,
709 3974 741 4036 in
754 3975 858 4040 verbis
872 3977 943 4043 ilie.
987 3977 1127 4051 tempore
1138 3972 1315 4047 Eicbaeae,
1339 3971 1509 4051 prophetae
1524 3985 1653 4047 omues,
1676 3972 1730 4052 qul
1755 3981 1849 4036 erant

79 4055 202 4134 ronymi
229 4055 306 4119 duas
328 4071 401 4119 esse
423 4055 560 4135 liguras3
586 4071 678 4136 quam
699 4056 939 4137 inlellccllcnis,
987 4049 1061 4118 40⁰·
1077 4061 1206 4133 excepto
1227 4055 1384 4126 Michaea,
1412 4059 1611 4128 errarerunl,
1634 4057 1668 4115 ut
1688 4059 1771 4133 patet
1790 4055 1847 4120 lib.

78 4155 150 4202 cum
161 4139 230 4200 nit:
252 4139 416 4219 iepeaneid
427 4136 537 4201 orbis:
561 4137 744 4208 recal‘euim
760 4141 867 4208 orbem
879 4159 941 4206 me·
988 4135 1021 4202 a,
1035 4137 1111 4218 liep.
1127 4138 1179 4201 22.
1194 4145 1225 4201 et
1240 4138 1369 4216 prolude
1383 4134 1535 4210 Ecclesia,
1559 4151 1639 4212 quae
1650 4135 1722 4200 illos
1736 4152 1848 4216 seque·

75 4237 170 4300 mam
192 4225 310 4298 perlem
333 4221 440 4294 urbis,
464 4237 527 4284 oon
549 4226 644 4284 tulum
659 4222 793 4302 orbern,
816 4227 941 4292 silerem
986 4218 1090 4296 batur,
1105 4219 1292 4296 utdcbebat,
1316 4221 1445 4299 decepta
1469 4217 1535 4280 luit.
1552 4217 1720 4293 Secundo,
1749 4218 1848 4283 Isaiae

76 4303 268 4378 abusionis,
291 4319 361 4368 eum
377 4304 418 4366 all
431 4300 636 4368 bicncmse
651 4319 718 4369 eece
731 4308 869 4372 mentes
883 4317 940 4385 eal,
987 4302 1039 4364 56.
1071 4304 1296 4383 Speoolmoraa
1322 4302 1395 4380 ejus
1414 4301 1504 4364 coeci
1532 4315 1644 4364 norece
1662 4299 1849 4366 mesmes

76 4392 169 4448 rocat
188 4386 272 4448 enim
282 4387 412 4450 arbans
433 4383 602 4466 improprie
616 4403 692 4461 eos,
716 4389 768 4468 qui
785 4405 840 4467 per
857 4391 943 4471 igen-
987 4387 1209 4450 commedere.
1225 4385 1392 4462 Eerlio‚ln
1407 4384 1554 4464 passione
1575 4383 1849 4448 llomioi‘summus

74 4469 207 4531 raetiam
238 4470 488 4548 subscripserant
513 4471 647 4534 haeresi.
681 4471 829 4552 Loquitur
860 4476 943 4538 enirn
988 4469 1134 4532 sacerdes
1149 4485 1218 4532 cum
1233 4468 1381 4531 omnibus
1400 4465 1634 4541 sacerdotibus,
1661 4471 1693 4528 el
1716 4466 1848 4530 seniori·

74 4551 116 4614 de
143 4551 198 4613 illa
220 4553 416 4616 mullitudine
431 4553 671 4632 episcoporum,
693 4555 745 4632 oui
767 4573 804 4618 ex
818 4562 879 4620 tulo
895 4575 944 4621 or·
989 4549 1049 4614 bus
1062 4551 1171 4631 eupuli
1191 4551 1472 4614 condemnaverunt
1487 4547 1640 4611 Christum
1668 4563 1740 4612 esso
1760 4563 1849 4615 rrum

74 4633 116 4696 be
132 4634 355 4699 mercnicntcs
376 4634 526 4709 urimini,
546 4635 717 4702 abdrianis
731 4637 874 4718 decepti,
891 4642 944 4703 de·
990 4634 1108 4700 mortis.
1124 4633 1216 4698 Eure.
1233 4633 1284 4696 tl.
1312 4639 1345 4695 et
1363 4637 1445 4696 tolus
1466 4631 1555 4694 etiarn
1578 4631 1735 4711 populus,
1755 4649 1773 4693 a
1800 4647 1849 4694 sa·

75 4724 265 4788 creverunt,
282 4718 453 4782 tollendam
474 4733 546 4782 esse
560 4715 675 4782 laomen
689 4717 844 4800 laederer,
860 4714 944 4801 need
990 4715 1166 4779 cerdolibus
1187 4715 1359 4783 seductus,
1383 4715 1523 4777 clamarit
1543 4714 1580 4776 ad
1602 4715 1742 4776 Pilatum:
1770 4711 1848 4776 crae·

75 4797 443 4880 quidsipnlllenreennn
456 4799 749 4882 iutellipcbaequui
766 4805 943 4869 siaedubie
990 4798 1082 4878 cillpe
1103 4810 1189 4861 eltae
1213 4795 1306 4862 idere.
1330 4797 1380 4861 lt.
1409 4797 1527 4860 Eodem
1554 4803 1694 4890 temporo
1717 4795 1849 4874 aposloli

74 4899 140 4944 non
163 4883 291 4946 iuerucl
311 4882 481 4961 haeretici,
502 4899 562 4948 nec
584 4891 743 4960 cameles,
766 4887 826 4949 nisi
849 4895 943 4952 male·
989 4897 1097 4946 omues
1125 4880 1218 4944 Edem
1252 4880 1443 4954 emiserunt3
1476 4895 1546 4942 eam
1577 4877 1727 4940 Dorulaus
1753 4875 1846 4944 itero.

74 4965 207 5029 rialiler.
220 4965 483 5040 eumcum
507 4967 534 5030 si
549 4967 620 5046 quis
640 4975 778 5032 nostrum
799 4969 943 5048 blaspbe·
988 4967 1043 5028 ull.
1059 4962 1278 5042 Eepmbrueu
1296 4963 1561 5027 iumedellilolenr
1581 4973 1713 5030 eorum,
1735 4962 1765 5019 el
1784 4961 1846 5022 dre

76 5065 160 5111 mam
177 5049 526 5132 seuleuliamproierrel
539 5048 645 5131 lingua
659 5057 814 5124 exbanea,
828 5060 942 5130 peleus
986 5048 1093 5112 aulea
1114 5047 1219 5108 cordis
1241 5053 1298 5110 etc.
1322 5047 1358 5106 Et
1371 5045 1474 5106 batth.
1497 5043 1554 5105 26.
1574 5041 1616 5103 ιιι
1629 5058 1640 5101 r
1664 5039 1847 5106 oncense

73 5147 149 5196 esso
163 5131 251 5212 piem
271 5133 639 5213 aliqunmpreoalioocm.
661 5150 725 5197 eoa
738 5135 862 5214 proprie
877 5135 941 5198 bln·
985 5127 1418 5207 scorldolmepoliemien'iu
1431 5143 1495 5188 aee.
1775 5203 1783 5220 .
1843 5147 1846 5154 ·

73 5215 230 5294 spbemus
246 5216 447 5297 diciposset:
470 5215 618 5294 Quocirca
632 5216 733 5298 iidem,
743 5217 892 5297 episcopi,
908 5223 942 5282 ut
1026 5213 1132 5286 adde,
1148 5212 1230 5291 quod
1243 5227 1303 5274 noa
1316 5211 1430 5270 desunt
1442 5208 1532 5270 etiam
1553 5203 1715 5300 catholici,
1731 5221 1784 5285 qul
1799 5205 1847 5270 di·

74 5297 229 5360 admoniti
240 5305 327 5376 uret,
340 5307 370 5364 et
390 5300 542 5363 fallaciam
563 5306 770 5378 agnorcrunt,
795 5301 942 5364 contiuuo
987 5293 1256 5372 cuelin-passinus
1270 5289 1391 5353 bomini
1419 5307 1480 5352 aon
1502 5301 1655 5382 mauslsse
1680 5303 1783 5351 reram
1807 5288 1845 5352 ll·

75 5394 217 5444 errorem
228 5381 321 5446 etiam
334 5386 550 5452 comesurum,
564 5387 595 5443 el
608 5397 679 5446 eum
690 5383 855 5464 lachrymis
868 5391 942 5462 pne·¹
988 5379 1085 5450 dem,
1113 5374 1171 5438 uisi
1190 5375 1220 5438 in
1235 5373 1428 5438 sanedsslane
1443 5369 1567 5447 tlirpne
1581 5368 1682 5441 iiollt.
1695 5369 1788 5449 idone
1803 5373 1846 5435 si·

74 5462 242 5526 nitentium
270 5470 402 5546 eperunt
429 5461 664 5542 blasphemiae,
693 5467 767 5530 lieet
793 5467 860 5529 sole
885 5465 944 5530 lin·
987 5457 1337 5541 geillmricredunloeu
1354 5455 1405 5516 ilia
1427 5450 1579 5525 candele,
1605 5467 1685 5533 qnae
1714 5453 1844 5548 soleae·

76 5561 135 5624 gua
157 5547 318 5627 poclm,
346 5539 377 5612 e'l
400 5555 476 5612 lnm·
493 5546 638 5610 videlieet
663 5548 815 5630 ingemuit
834 5548 944 5624 orbis,
987 5559 1079 5610 mosa
1100 5543 1321 5613 consecratur,
1344 5537 1379 5598 iu
1397 5535 1497 5598 trldnn
1517 5540 1588 5597 calc
1616 5535 1729 5614 pasche
1751 5551 1784 5599 ln
1799 5536 1846 5600 oi-

76 5635 107 5691 et
121 5645 157 5692 se
172 5627 541 5696 arianumessanlnalns
555 5633 616 5693 ast.
986 5625 1057 5690 licio
1081 5627 1242 5688 nemmno.
1273 5619 1315 5682 lta
1347 5619 1519 5680 Alexander
1544 5618 1667 5681 biensis
1697 5617 1727 5681 b.
1757 5623 1845 5698 parle

118 5711 323 5778 tubasillum
338 5713 433 5792 diuo,
461 5727 610 5780 eomnoe
636 5712 796 5795 deplorem
825 5709 941 5776 inillis
986 5714 1106 5787 quaesl.
1128 5705 1183 5768 ull.
1200 5704 1286 5766 arllo.
1308 5702 1339 5765 2.
1362 5707 1394 5764 et
1413 5699 1548 5765 mannes
1568 5701 1608 5766 de
1627 5699 1843 5767 Turraoecma·
