4082 6300
841 357 1027 416 litterario
1739 357 1789 414 iii

37 559 181 639 flagitat,
205 555 371 621 sedetiam
395 551 569 638 cogit'orrlo
591 553 853 635 disputationum,
876 561 910 620 ut
955 555 1029 620 croc
1045 571 1103 620 nos
1117 557 1286 639 admonet)
1312 561 1381 620 octo
1397 553 1535 636 partibus
1556 554 1741 620 continetur.
1758 555 1821 620 Pri·

36 675 79 738 ad
110 691 167 740 eas
193 673 420 738 controversias
445 672 644 751 explicandos
669 671 908 753 aggrediamur,
954 689 1038 736 muru
1054 672 1148 752 enim,
1164 673 1205 738 de
1226 673 1295 755 ipso
1322 674 1448 738 nomine
1469 672 1653 738 clericorum
1667 671 1823 736 disseren-

35 805 123 872 quue
138 797 214 853 suut
227 789 268 854 de
283 788 382 852 tribus
394 788 455 852 iliis
467 786 628 852 Ecclesiae
639 771 789 870 partibus,
806 787 908 862 idest,
955 789 1028 851 dum
1043 787 1111 852 erit.
1127 789 1259 863 Deinde,
1269 789 1316 852 rie
1334 790 1496 853 vocatione
1510 835 1518 863 ‚
1534 787 1601 852 sive
1613 787 1768 851 electione
1783 787 1821 850 ud

34 907 181 981 clericis,
196 907 297 984 iaicis,
313 905 529 984 monachismi)
543 905 710 970 haereticis
723 904 819 987 hujus
834 909 910 968 tam·
955 919 1078 967 sucrum
1091 903 1309 968 ministerium.
1334 905 1448 980 Tertio,
1473 905 1512 968 de
1527 903 1749 978 distinctione,
1768 919 1824 965 nu·

35 1023 129 1103 poris
146 1023 308 1088 excitetur.
322 1021 450 1098 Quando
467 1020 551 1086 enim
565 1037 623 1102 pro
637 1019 738 1101 cupite
751 1020 912 1084 militantis
956 1035 1042 1084 roero
1057 1025 1088 1083 ol
1102 1019 1203 1084 officio
1218 995 1443 1084 ministrorum.
1460 1019 1589 1096 Quarto,
1607 1019 1646 1082 de
1668 1018 1826 1084 coelibatu

36 1141 229 1214 Ecclesiae,
253 1154 372 1220 proque
387 1137 454 1221 ipsa
469 1135 632 1216 Ecclesia,
660 1143 725 1202 tum
749 1137 782 1200 iu
807 1137 911 1201 conci·
955 1137 1117 1202 hominum
1131 1143 1332 1202 sacratorum.
1349 1137 1474 1214 Quinto,
1490 1138 1529 1201 de
1544 1135 1739 1200 solemnibus
1755 1151 1826 1215 pre·

36 1257 92 1322 liis
110 1263 309 1339 congregata,
326 1264 390 1320 tum
406 1255 497 1321 otiam
512 1238 625 1320 arouse
650 1261 713 1322 toto
727 1255 803 1321 orbe
817 1260 910 1318 terra·
955 1256 1058 1332 cibus,
1074 1261 1104 1320 et
1119 1257 1276 1334 laudibus,
1293 1258 1387 1321 certis
1401 1257 1511 1334 horis,
1539 1262 1687 1337 certoque
1707 1255 1824 1328 ¹ordine

35 1390 123 1451 rum,
142 1391 199 1456 pro
215 1381 389 1438 nostrarum
410 1369 519 1436 virium
531 1370 681 1436 tenuitate
706 1387 810 1453 pugne
833 1371 911 1436 veri·
955 1372 1174 1437 concinendis.
1191 1371 1304 1449 Sexto,
1322 1373 1362 1437 de
1377 1371 1588 1438 ecclesiastica
1614 1371 1824 1448 tonsurn,·rel

36 1507 136 1554 mus:
153 1490 234 1556 illud
249 1507 345 1554 uuum
366 1495 415 1556 est
435 1489 614 1568 reliquum,
640 1491 674 1552 ut
687 1497 743 1569 pro
764 1486 912 1552 membris
955 1505 1062 1554 rasura
1074 1489 1269 1569 capiliorum.
1294 1490 1433 1570 Septimo
1447 1536 1456 1564 ,
1472 1490 1512 1555 de
1527 1489 1730 1570 possessione
1745 1494 1822 1552 tcm-

38 1605 189 1684 cjusdem
203 1604 376 1679 Ecclesiae,
392 1620 449 1686 pro
464 1610 568 1669 nostra
589 1601 669 1668 uirili
683 1607 770 1684 porte
784 1601 911 1668 dimico·
956 1605 1109 1686 puralium
1122 1606 1287 1683 honorum,
1304 1606 1370 1670 sire
1385 1605 1598 1688 politico,sire
1611 1603 1825 1669 ecclesiastico

37 1737 137 1797 mus,
165 1727 197 1784 et
211 1719 333 1786 Christo
348 1722 446 1797 duce,
469 1725 561 1801 alque
573 1719 783 1802 imperatore,
809 1719 913 1786 omnia
954 1721 1271 1806 J'ureacquisitorum.
1290 1721 1414 1798 Octavo,
1432 1721 1471 1786 dc
1487 1720 1671 1811 exceptione
1697 1719 1826 1784 clerico·

38 1837 180 1900 irostium
197 1837 258 1900 teia
275 1837 386 1920 clypeo
409 1836 566 1913 veritalis,
589 1841 619 1900 el
633 1834 735 1918 gladio
756 1833 842 1900 uerbi
856 1834 913 1899 lici
957 1851 1025 1900 rum
1040 1855 1056 1900 a
1071 1837 1270 1906 tribunalium
1285 1839 1422 1904 civilium
1438 1844 1604 1920 potestate.
1624 1835 1703 1900 ilihii
1719 1846 1822 1900 autem

44 1953 267 2018 discutiamus.
958 1953 997 2016 de
1009 1961 1200 2018 sacramento
1216 1954 1359 2029 ordinis,
1382 1955 1460 2018 nihil
1480 1954 1554 2020 item
1570 1953 1610 2018 de
1636 1950 1825 2018 ecclesiasti·

691 2061 694 2068 ’
792 2153 795 2158 Ι
960 2087 994 2134 oa
1008 2069 1223 2140 iurisdictione
1244 2073 1388 2137 hocloco
1404 2072 1572 2136 dicendum
1588 2071 1664 2148 erit,
1682 2067 1765 2150 quod
1788 2083 1824 2130 ea

213 2185 297 2250 Ordo
312 2185 544 2268 disputationis
556 2185 596 2250 rie
611 2185 748 2250 clericis.
960 2187 1068 2267 partim
1083 2188 1121 2251 ad
1134 2187 1333 2268 quaestiones
1348 2188 1387 2252 de
1402 2185 1604 2254 sacramentis
1621 2233 1630 2263 ,
1654 2183 1762 2265 partim
1785 2181 1824 2244 ud

960 2304 1159 2385 quaestiones
1180 2304 1220 2369 de
1234 2305 1381 2386 pontilice
1397 2310 1427 2370 et
1440 2304 1583 2378 ‚conciliis
1604 2301 1761 2385 periinere
1781 2298 1824 2360 ui·

88 2417 914 2502 igiturdisputatiodcclericis(oamabaaexordien·
962 2421 1103 2512 deantur.

43 2536 124 2599 dum
139 2550 230 2614 esse,
247 2539 312 2600 tutu
327 2534 537 2618 antiquitatis,
566 2540 631 2600 turn
653 2537 743 2602 etiarn
758 2535 915 2620 dignitatis
