4110 6310
259 333 315 392 bi!
864 325 907 384 HE
925 327 1095 398 nnttQtlllS
1114 327 1314 386 sinerentur

189 470 294 534 noster
308 465 461 546 interpres
475 470 559 531 recte
578 463 678 529 vertit:
705 463 769 526 siro
796 460 901 537 laisam
923 449 1047 544 religia·¹
1091 463 1182 527 dccet
1197 462 1266 543 ipse
1282 462 1364 526 idern
1380 461 1412 524 in
1427 461 1487 524 rite
1502 460 1625 537 Paulae,
1642 459 1694 548 ubi
1709 457 1785 526 dicit
1800 457 1967 524 inlunere

187 567 271 624 acm,
284 556 315 614 ut
330 551 454 630 exponit
468 555 593 614 sanctus
608 547 809 626 Hieronymus
837 546 870 608 in
899 546 991 624 epist.
1008 548 1046 610 ad
1091 547 1203 610 Paulae
1218 547 1309 610 etiam
1323 546 1489 623 episcopos
1505 560 1614 608 cereos
1628 559 1778 608 accensos
1801 547 1964 623 gestasse.

187 634 339 714 Algesiam
355 637 474 714 quaest.
492 631 542 693 le.
566 629 759 694 braunadum
776 628 869 706 igitur
884 633 967 691 esset
982 627 1046 692 cat·
1131 628 1175 693 Ad
1190 629 1358 694 concillum
1373 627 1571 692 elibertinum
1591 627 1810 706 respondimus
1835 641 1910 690 cum
1927 641 1961 688 a·

188 717 258 778 rino
273 717 387 780 cultam
401 712 600 794 reliquiarum
617 729 688 782 csse
713 709 973 788 superstitiosum,
998 713 1047 776 uel
1090 728 1234 792 geremus
1250 713 1288 774 de
1304 711 1490 790 purgatoria,
1508 709 1675 774 concilium
1688 708 1720 772 id
1735 708 1961 789 prohibuisse,

190 798 311 872 laisum,
328 796 355 859 si
369 796 461 860 rellet
475 811 546 858 csse
561 795 783 873 reprehensum
799 810 814 855 a
830 793 935 856 Paulo.
1092 795 1161 872 quia
1173 793 1263 857 fiebat
1278 810 1362 857 neura
1377 793 1550 874 gentilium,
1566 791 1648 862 inter
1672 807 1751 872 quas
1780 797 1854 855 tuac
1870 789 1962 855 Chri·

231 881 273 944 Ad
289 880 445 956 Quartum3
462 875 540 956 ocgo
552 877 724 958 periculum
751 891 823 942 csse
844 876 1045 951 idololatrian,
1092 879 1181 940 stiani
1199 877 1397 940 versabantur
1411 881 1471 940 etc.
1730 900 1735 908 ·

189 963 283 1027 imrno
298 963 398 1026 cultas
412 960 610 1040 reliquiarum
624 965 672 1022 est
686 957 848 1024 detestatio
864 959 964 1020 oannis
981 959 1047 1022 ido·
1132 960 1177 1022 Ad
1192 960 1392 1039 Augustiana
1408 959 1489 1022 dico:
1505 957 1582 1024 Ham
1595 971 1704 1020 cucero
1717 956 1961 1037 sepulchrorum

190 1045 338 1109 lolalriae.
352 1043 427 1106 liam
442 1049 588 1123 martyres
603 1042 712 1106 mortui
727 1048 810 1114 suot,
828 1047 859 1101 ιιι
883 1039 1048 1104 idololatri·
1092 1042 1267 1104 adoratores
1281 1043 1443 1121 quasdam,
1469 1041 1522 1122 qui
1537 1037 1584 1121 (ut
1598 1056 1659 1121 spe·
1669 1039 1808 1120 putabet)
1832 1038 1956 1102 sacriti-

191 1145 237 1190 am
253 1128 458 1202 destruerent3
481 1127 532 1204 qui
550 1141 622 1202 crgo
649 1124 788 1204 martyris
803 1123 948 1201 reliquias
963 1124 1046 1192 coiit.
1093 1123 1173 1186 cium
1190 1126 1277 1203 ponis
1289 1132 1320 1186 et
1334 1123 1406 1198 vini,
1424 1123 1613 1202 aliarumque
1635 1123 1794 1201 epularum
1816 1121 1962 1184 lienibus

189 1210 304 1272 indicat
318 1225 351 1272 se
368 1209 502 1289 gaudere
518 1208 556 1271 dc
569 1207 757 1270 idololatriac
781 1206 1001 1268 destructione:
1019 1211 1050 1268 cl
1093 1206 1306 1270 detunctorum
1320 1205 1502 1278 oilercbent,
1519 1212 1551 1270 et
1566 1204 1681 1268 deinde
1707 1204 1817 1268 iisdem
1834 1203 1916 1268 cibis
1929 1209 1962 1268 et

190 1297 275 1356 recle
300 1289 463 1355 Christiani
487 1291 568 1368 epad
593 1285 747 1354 Ruiilnum
775 1287 830 1351 lib.
849 1288 878 1350 i.
904 1303 973 1366 cap.
996 1287 1048 1351 33.
1094 1290 1163 1352 rino
1175 1307 1210 1353 sc
1225 1289 1452 1370 ingurgitabant
1466 1296 1499 1351 et
1511 1287 1717 1352 inebriabant.
1733 1286 1785 1350 Sic
1812 1287 1896 1350 enim
1912 1289 1961 1350 lc·

192 1373 631 1449 cumtransicrrentreliquias
658 1371 788 1451 iiabylae
814 1371 964 1434 canebant
988 1389 1050 1432 rna·
1094 1373 1209 1450 quitur:
1225 1373 1312 1448 Noui,
1329 1373 1441 1451 inquit,
1466 1371 1713 1450 sepulchrorum
1740 1370 1958 1445 adoratores,

192 1474 252 1536 gna
287 1471 372 1526 rccc;
398 1454 649 1533 contunduntur
674 1470 795 1528 omncs,
826 1454 885 1533 qui
912 1455 1053 1526 aduram
1093 1455 1300 1519 nouimuttcs
1315 1470 1392 1528 esec,
1405 1455 1465 1534 qui
1479 1453 1739 1518 iurauriosiasimc
1757 1468 1857 1532 super
1869 1469 1962 1516 mar·

189 1539 391 1620 sculptilia„
1032 1591 1035 1596 .
1094 1535 1685 1616 consulantcrapumacodcoertbur
1700 1534 1963 1610 columnensis·

230 1623 276 1684 Ad
291 1621 365 1684 illud
380 1621 419 1684 de
433 1620 545 1693 nereis,
561 1619 642 1684 dico:
660 1618 773 1684 Cereus
785 1634 934 1683 accensos
949 1636 1052 1682 coram
1091 1622 1300 1700 persepultcs
1311 1621 1433 1699 scipsos
1447 1620 1606 1699 sepeliunt
1622 1664 1631 1692 ,
1648 1624 1679 1680 et
1690 1620 1884 1682 voracitates
1901 1665 1910 1688 ,
1929 1631 1965 1680 e·

191 1702 317 1767 tumulis
333 1709 496 1784 martyrum
519 1719 579 1766 non
607 1717 679 1766 esse
703 1702 826 1782 signum
851 1702 1049 1777 adorationis,
1095 1703 1307 1784 brietclcsque
1320 1719 1399 1768 suas
1409 1704 1565 1781 deputent
1590 1700 1755 1780 religioni.
1785 1701 1847 1764 Sed
1876 1701 1962 1763 hacc

189 1787 254 1850 Iicc
269 1785 402 1864 debitam
418 1801 487 1848 narn
510 1801 571 1848 non
588 1781 756 1851 otiernntur
771 1787 852 1848 cerei
868 1785 1052 1864 martyribus
1094 1787 1420 1865 scripsitAngustinus
1435 1785 1521 1848 initio
1536 1783 1851 1848 conrersicnissuac.
1868 1783 1962 1852 Past-

191 1875 342 1948 tamquam
370 1867 531 1942 secriilcia,
558 1869 613 1930 sed
639 1868 848 1934 accenduntur
871 1867 903 1928 in
927 1869 1051 1946 signum
1096 1871 1220 1932 modum
1235 1875 1336 1932 aulem
1350 1867 1550 1950 reprehendit
1563 1866 1690 1947 quidem
1715 1865 1798 1928 iiiam
1823 1881 1966 1928 consue·

192 1951 335 2012 laetitiae.
348 1949 433 2030 Ignis
449 1949 531 2012 enim
547 1950 674 2012 accendi
700 1952 780 2012 solet
794 1951 831 2012 ad
854 1949 998 2012 laetitiam
1011 1952 1053 2032 si·
1097 1953 1247 2026 tudinem,
1274 1950 1330 2014 scd
1342 1967 1403 2012 nun
1422 1956 1572 2029 tamquam
1588 1947 1801 2025 idololatriamy
1816 1963 1887 2010 nam
1903 1948 1965 2009 lib.

192 2031 397 2112 gnilicandem
412 2033 502 2096 etiam
515 2032 545 2094 in
561 2033 655 2096 rebus
671 2031 817 2110 pantanis.
840 2033 1012 2106 Praeterea,
1028 2034 1052 2095 i·
1098 2034 1129 2098 b.
1147 2033 1286 2099 Coniess.
1303 2051 1371 2112 cap.
1388 2033 1419 2094 2.
1435 2033 1520 2107 dicit,
1538 2037 1665 2095 mairem
1678 2047 1765 2096 suam
1780 2030 1965 2094 consueris·

193 2115 262 2196 gnis
274 2117 395 2194 signum
411 2120 460 2178 est
487 2114 612 2193 gloriae,
643 2116 728 2178 unde
753 2115 989 2194 imperatoribus
1004 2132 1053 2180 ro·
1097 2133 1133 2180 se
1149 2134 1185 2179 es
1201 2117 1313 2194 pietate
1326 2117 1355 2178 id
1367 2115 1480 2178 iacere:
1496 2116 1552 2178 sed
1575 2114 1738 2177 lindioleni
1753 2113 1791 2175 ab
1805 2113 1964 2176 Ambrosii

192 2199 304 2267 manis,
317 2203 349 2259 et
362 2197 608 2278 imperatricibus
623 2197 737 2276 ubique
755 2200 834 2278 ignis
863 2196 1054 2275 praelereba-
1100 2200 1222 2262 clcricis
1236 2200 1333 2262 luisse
1350 2198 1547 2277 prohibitam.
1563 2197 1744 2260 Ambrosius
1759 2196 1841 2258 enim
1854 2196 1967 2274 prohi-

194 2286 253 2354 tur,
271 2285 348 2344 teste
363 2279 536 2350 Herodiano
553 2280 608 2342 lib.
627 2281 655 2341 l.
670 2280 772 2342 Sancti
787 2287 889 2342 aulem
903 2295 974 2344 vern
990 2281 1054 2359 glo·
1098 2283 1206 2346 bacrat
1218 2283 1306 2346 istam
1318 2281 1586 2354 cousuetudinem,
1600 2296 1640 2342 ne
1651 2279 1775 2341 daretur
1789 2281 1913 2341 occasio
1929 2293 1965 2341 e·

194 2361 240 2424 ria
257 2379 339 2430 nunc
354 2361 505 2436 truantur,
530 2369 560 2423 et
574 2378 645 2424 cam
661 2362 780 2426 Christo
795 2369 935 2442 regnaut,
962 2371 1055 2442 atque
1098 2366 1231 2436 hrictati,
1248 2373 1278 2427 et
1290 2365 1359 2444 quia
1375 2361 1643 2426 uidebaturaffinis
1657 2359 1869 2441 superstitioni
1884 2377 1966 2440 gen·

196 2447 347 2522 imperant
360 2444 390 2505 in
404 2446 512 2518 coelis,
528 2451 562 2506 ut
576 2443 684 2508 meritc
710 2445 833 2510 iliorum
850 2447 1015 2509 memoriae
1030 2448 1053 2508 i·
1099 2447 1210 2521 lilium,
1228 2448 1299 2510 licet
1313 2448 1432 2526 integro
1445 2446 1547 2510 animo
1561 2463 1577 2506 a
1593 2444 1775 2510 Christianis
1803 2445 1834 2506 id
1855 2442 1961 2506 iteret.

196 2527 266 2606 gnis
281 2525 408 2598 accendi
423 2527 533 2604 possit.
555 2526 695 2607 lienique
711 2527 792 2606 ignis
807 2528 929 2606 signum
952 2536 999 2592 est
1012 2531 1056 2591 ri·-
1099 2531 1185 2594 idem
1198 2531 1291 2592 etiam
1305 2529 1492 2608 Augustinus
1504 2529 1559 2591 tib.
1574 2526 1649 2591 sae
1661 2526 1890 2606 dicitlicicap.
1905 2527 1964 2590 et.

197 2613 256 2678 tae,
272 2607 402 2687 proinde
418 2609 517 2671 cereis
532 2614 736 2688 protestamur
751 2611 852 2672 rivere
878 2617 1054 2676 sanctorum
1099 2613 1185 2686 dicit,
1202 2613 1347 2675 meliores
1361 2610 1550 2675 Christianus
1566 2611 1596 2674 id
1613 2626 1675 2674 non
1689 2608 1801 2680 iacere,
1824 2623 1881 2672 eos
1909 2625 1966 2670 au·

197 2692 328 2763 animes,
345 2696 375 2752 ct
388 2690 455 2768 ipsa
467 2706 595 2770 corpora
612 2710 668 2756 suo
679 2699 818 2771 tempore
833 2693 958 2756 victura.
1102 2702 1173 2770 tem,
1187 2695 1239 2774 qui
1260 2694 1291 2757 id
1306 2695 1431 2769 iaciunt,
1448 2709 1509 2756 non
1525 2691 1700 2756 sacriilcnre
1714 2691 1866 2756 defunctis
1882 2708 1965 2754 mar-

237 2773 282 2836 Aa
298 2769 515 2854 Hieronymum
529 2773 609 2837 dicu:
637 2775 726 2848 lium,
742 2792 814 2842 cum
828 2777 871 2837 ait
897 2777 935 2838 dc
950 2775 989 2840 iis
1004 2777 1056 2856 qni
1100 2778 1293 2859 tyribus,sed
1309 2793 1426 2858 ponere
1437 2791 1533 2858 super
1544 2775 1679 2839 tumulos
1694 2780 1869 2840 sanctorum
1885 2789 1966 2852 epu·

198 2855 371 2924 accendunt
385 2871 493 2920 cereas
521 2873 623 2920 coram
647 2857 788 2938 reliquiis
813 2857 991 2937 (Conbteor
1004 2877 1056 2922 rc·
1100 2863 1146 2924 las
1163 2868 1195 2922 ιιι
1209 2878 1224 2922 a
1238 2861 1301 2923 lieo
1316 2877 1372 2940 per
1386 2860 1492 2924 merita
1507 2864 1671 2939 martyrum
1686 2856 1932 2920 sanctificentur.

199 2939 267 3014 tum
280 2937 339 3000 Dei
352 2937 482 3014 habant,
498 2940 556 3006 scd
570 2955 639 3002 uon
657 2943 839 3006 secundum
861 2941 1056 3022 eucratium)
1141 2943 1230 3020 Quod
1245 2948 1347 3006 aulem
1358 2941 1546 3022 Augustinus
1556 2957 1618 3003 ucn
1630 2939 1901 3020 patereritmalum
1914 2955 1969 3001 rc-

197 3020 282 3100 loqui
299 3019 338 3082 de
352 3019 402 3092 iis,
419 3022 471 3100 qai
499 3037 607 3084 cereos
634 3025 819 3097 accendunt,
849 3025 1058 3095 existimantes
1101 3025 1203 3089 uereri
1217 3026 1383 3105 sepulchra
1398 3029 1587 3095 sanctornm,
1603 3029 1685 3100 patet
1699 3037 1738 3084 cx
1749 3024 1840 3098 epist.
1857 3021 1911 3083 te.
1927 3024 1970 3082 ad

201 3102 274 3166 inde
288 3110 437 3182 martyres
453 3103 610 3179 illustrari3
628 3121 697 3166 narn
720 3105 902 3186 vigilantius
927 3107 1055 3180 dixerat,
1102 3108 1353 3172 biandaurenses:
1376 3108 1503 3182 Videir's,
1521 3106 1632 3186 inquil,
1647 3105 1781 3184 imperii
1806 3105 1971 3168 nanuum

200 3199 256 3262 per
272 3185 413 3247 ironiam:
430 3184 584 3264 Magnum
595 3187 751 3251 hcomcm
775 3189 932 3267 praebent
946 3189 1058 3267 huius·
1101 3192 1149 3254 mi
1163 3191 1453 3256 eminentissimum
1467 3190 1597 3254 cutmen
1623 3190 1670 3260 nat
1695 3187 1906 3266 sepulchrum
1918 3189 1970 3265 pi-

199 3267 290 3334 utodi
304 3266 449 3342 homines
465 3266 657 3336 beatissimis
670 3271 883 3351 martyribus,
910 3287 990 3352 quos
1002 3287 1063 3351 pu·
1106 3275 1241 3343 scalaria
1255 3273 1342 3338 Petri
1354 3272 1512 3336 submisso
1523 3272 1707 3336 moderante
1717 3271 1918 3348 supplicare.
1936 3270 1974 3330 lit

200 3353 271 3428 tuot
285 3347 325 3410 de
338 3348 501 3418 uitusimis
513 3351 645 3414 cereolis
664 3353 840 3419 ulusucri.
867 3355 911 3420 De
927 3355 976 3416 his
990 3369 1064 3433 ergo
1107 3357 1192 3428 Note,
1207 3357 1412 3437 augustinum
1429 3356 1504 3418 baec
1519 3353 1657 3420 scribere
1677 3352 1860 3426 idololatris,
1887 3358 1923 3414 ut
1936 3371 1971 3413 c-

202 3431 256 3510 qni
271 3447 340 3493 cum
358 3431 407 3492 lali
423 3431 570 3510 opinione
585 3432 661 3498 laisa
676 3450 785 3498 cerens
803 3437 1063 3510 accendentem
1108 3439 1266 3503 stenderet
1289 3440 1441 3501 idolorum
1463 3437 1578 3500 cultam
1605 3455 1620 3498 a
1644 3435 1824 3500 Christianis
1846 3436 1970 3497 destru-

203 3529 351 3608 ronymus
365 3513 449 3608 dicit,
467 3529 522 3578 eos
538 3516 636 3590 adnm
653 3516 781 3593 trahere,
793 3519 851 3582 sed
867 3535 929 3590 non
952 3537 1063 3584 secun·
1109 3528 1203 3588 ctum.
1219 3523 1378 3585 Praeterea
1392 3520 1580 3600 Augustinus
1595 3536 1665 3582 cum
1690 3519 1892 3597 reprehendit
1920 3533 1973 3580 sc·

204 3597 463 3664 dumscrentrnm.
1109 3605 1307 3684 pulchrorum
1336 3603 1540 3676 adoratores,
1574 3607 1657 3666 certe
1685 3618 1747 3663 non
1769 3600 1974 3680 reprehendit

250 3677 336 3750 Quod
352 3685 453 3742 aulem
471 3678 676 3760 Hieronymus
693 3679 834 3748 absolute
849 3683 997 3762 putaverit
1012 3684 1065 3748 bc·
1110 3687 1358 3767 chrysostomum
1390 3692 1419 3748 et
1434 3685 1666 3761 Hieronymum,
1683 3684 1738 3746 sed
1754 3684 1859 3746 turbas
1874 3684 1974 3762 imps-

205 3777 279 3824 nnm
296 3777 397 3824 caram
413 3761 555 3840 reliquiis
570 3764 698 3826 accendi
714 3780 834 3838 cereos,
852 3771 933 3841 patet
952 3767 1063 3829 l’rirncr
1109 3771 1247 3834 citarum.
1263 3770 1355 3846 Atqui
1370 3767 1611 3850 chrysostomus
1622 3783 1716 3829 saron.
1732 3765 1762 3828 in
1778 3772 1906 3828 sanctos
1920 3765 1973 3826 lu·

205 3843 281 3919 Quia
296 3841 437 3928 luwepist,
451 3845 490 3908 ad
506 3845 661 3923 lliparium
678 3845 810 3925 ipsomet
833 3848 920 3912 sllert
931 3849 961 3910 in
977 3865 1065 3928 argu·
1108 3853 1242 3916 rentium
1258 3859 1290 3916 et
1302 3851 1463 3914 llarimum
1478 3851 1563 3914 dicit:
1579 3849 1726 3929 mantas
1736 3853 1924 3929 naumurum
1938 3863 1974 3910 c·

206 3932 345 3999 mentum
360 3928 462 4019 cultus
477 3934 654 3994 sanctorum
670 3945 760 3992 usum
776 3931 965 3994 accendendi
980 3947 1067 3995 ccre·
1110 3937 1273 4011 daramium
1289 3942 1320 3998 ct
1332 3935 1536 4014 Hieronymus
1547 3933 1585 3994 ad
1600 3931 1783 4010 iiarcellam,
1811 3937 1844 3991 ut
1859 3932 1975 4009 migret

205 4015 288 4075 oszet
300 4007 379 4076 libro
393 4024 425 4070 ιιι
441 4008 634 4088 vigilantiam
650 4011 950 4077 aitzitcussubcutur
964 4029 1065 4094 quon·
1110 4018 1302 4084 llelnlchern.
1316 4019 1401 4088 dicit,
1414 4016 1578 4092 sepulchra
1594 4021 1626 4078 et
1637 4015 1760 4078 cineres
1772 4013 1903 4076 ioannis
1918 4014 1973 4074 lia·

207 4089 601 4186 temptationemque
621 4094 743 4172 periret
768 4102 983 4174 umgenitum,
1008 4099 1068 4166 sed
1110 4103 1232 4180 ptistae.
1249 4100 1373 4172 illisael,
1391 4104 1421 4162 el
1434 4098 1548 4161 Abdias
1563 4100 1671 4161 merito
1695 4097 1816 4160 adorari
1840 4095 1974 4158 aildeli·

205 4171 337 4236 Danuui
349 4189 425 4238 cccc
441 4176 583 4254 correpti
596 4181 682 4238 sanct.
699 4175 807 4257 Neque
821 4179 910 4244 cuim
926 4178 1067 4244 Ghmstua
1110 4185 1170 4248 bus
1186 4185 1217 4247 in
1230 4184 1412 4262 Palaestine.
1896 4231 1900 4234 -

206 4253 317 4334 egebat
337 4263 514 4334 unguento,
541 4271 601 4320 uec
625 4266 783 4340 martyres
812 4259 935 4326 iumine
961 4277 1066 4327 ceren
1151 4267 1341 4330 Gaudentius
1365 4263 1526 4334 brixianus
1541 4261 1694 4326 Ambrosii
1714 4261 1866 4340 aequalis,
1884 4265 1972 4321 tract.

205 4352 294 4432 rum:
317 4343 469 4433 mtumeo
491 4339 735 4407 ulcaaccla'crto
749 4341 870 4410 tonare
894 4345 1010 4408 dienati
1022 4347 1067 4424 ic·
1114 4349 1145 4412 t.
1160 4350 1191 4410 in
1206 4347 1357 4410 Haedum:
1377 4345 1605 4425 Gulacinquit,
1620 4344 1975 4424 smccumcprtmum

206 4425 260 4490 ut.
277 4420 467 4499 devotioque
480 4422 595 4492 uacuus
610 4425 679 4500 cius
692 4427 862 4503 recipitur:
878 4433 909 4490 ct
922 4430 1067 4508 quicum·
1112 4437 1287 4510 cooperunt
1297 4429 1745 4509 hcmincsprcndicmortuia
1755 4441 1975 4506 praeparare,

207 4515 270 4588 que
290 4503 474 4574 accendunt
500 4519 607 4568 cereos
633 4509 818 4572 secundum
841 4507 938 4588 tidem
958 4527 1065 4587 artam,
1111 4529 1196 4594 quoe
1208 4515 1274 4594 ipsi
1288 4513 1503 4588 comedemus·
1525 4518 1598 4591 poet
1612 4512 1672 4574 hoc
1695 4507 1861 4588 scudicia
1875 4509 1977 4571 atium

209 4583 329 4680 habent
341 4587 534 4652 mercedem.
549 4587 586 4648 lit
601 4587 688 4650 inira:
704 4589 792 4654 lbud
801 4589 897 4669 tiebat
908 4595 1017 4668 idalia,
1040 4600 1070 4658 ct
1112 4597 1336 4660 consectata
1360 4595 1522 4672 sccmtcpc
1544 4592 1707 4658 celebrare
1723 4639 1731 4668 ‚
1748 4591 1898 4673 quamuis
1912 4605 1974 4654 nac

206 4667 328 4763 adurae
344 4668 570 4764 detestcodmu
586 4671 708 4748 aaa-lna
718 4670 753 4751 fit
765 4675 1008 4756 mnytgribmet
1018 4679 1067 4756 id·
1110 4681 1176 4759 ipsi
1188 4680 1298 4742 micus
1312 4679 1448 4742 mortuis
1469 4677 1537 4739 suis
1557 4675 1741 4755 sacrificent
1756 4673 1972 4754 permotio,

209 4766 294 4815 “tw
309 4753 539 4830 recipiendum
554 4760 608 4823 cst.
1112 4765 1192 4825 dum
1204 4777 1303 4841 super
1316 4759 1562 4841 sepulchrorum
1574 4773 1704 4823 meracas
1714 4757 1859 4822 tremulis
1873 4755 1974 4818 ebrie·

249 4833 404 4897 Secundo:
421 4833 506 4928 ldcnr
522 4841 615 4913 patet,
632 4833 702 4915 qnia
727 4837 904 4920 Hieronymi
926 4847 1064 4921 tempore
1110 4844 1341 4908 totcmnnibus
1365 4846 1446 4908 uino
1471 4841 1656 4919 tundentes,
1681 4842 1835 4920 spiritum
1861 4837 1975 4902 bulbu-

207 4921 278 5012 crni·
299 4929 375 4980 usus
403 4917 556 5011 ejusmodi
587 4931 745 4983 cereorum
762 4935 823 4984 nun
852 4923 951 4986 solnm
980 4926 1061 5002 apud
1112 4929 1271 4990 tirmiotc.
1299 4927 1352 4990 ubi
1372 4926 1471 5006 arguit
1496 4941 1611 4986 morem
1640 4925 1727 4987 illum
1755 4930 1909 5000 tamquam
1937 4937 1975 4982 ex

189 5005 191 5008 ’
206 4998 414 5093 mulierculas,
431 5000 591 5065 sedetiam
607 5001 687 5076 apud
703 5003 914 5083 episcopcset
941 5007 1063 5071 unirer·
1113 5010 1272 5090 gentilium
1289 5025 1392 5072 crrcre
1416 5009 1569 5071 relictura.
1599 5005 1705 5086 Itaque
1729 5006 1859 5068 tortasse
1883 5005 1975 5084 pauci

205 5095 271 5142 saur
284 5080 469 5176 Hcclestam,
483 5091 516 5152 nt
535 5089 618 5160 patet
632 5099 670 5148 ert
694 5085 832 5164 Paulino,
859 5088 1062 5166 inconcreta,
1113 5093 1236 5170 quidam
1253 5092 1380 5156 mortuis
1393 5089 1618 5164 sacrificabant,
1634 5088 1787 5169 quintiana,
1803 5088 1911 5150 merita
1928 5102 1976 5148 rc·

204 5169 238 5223 ⁰¹
252 5164 425 5258 amititia
440 5166 550 5228 artatis.
1111 5176 1355 5254 prehendantur,
1368 5173 1424 5238 sed
1439 5188 1502 5234 noa
1517 5179 1678 5251 propterca
1694 5174 1794 5234 omnis
1810 5171 1912 5243 cultus
1927 5185 1975 5231 se·

246 5243 358 5338 Tertio:
375 5245 405 5308 Sr
422 5253 506 5318 esset
521 5247 698 5324 superstitio
713 5251 882 5319 accendere
898 5269 1006 5324 cereos
1017 5254 1063 5318 iu·
1112 5274 1231 5320 crarurn
1254 5257 1453 5336 reliquiarum
1481 5255 1656 5318 abolendus
1671 5261 1742 5330 est,
1769 5254 1842 5332 qnia
1858 5255 1973 5314 nimias

206 5327 304 5422 terdru
319 5343 420 5391 coram
436 5331 586 5406 reliquiis,
604 5338 687 5394 esset
700 5334 792 5410 etiam
807 5338 976 5400 accendere
992 5354 1062 5401 curn
1113 5341 1214 5406 cultas
1222 5347 1291 5418 jure
1302 5339 1512 5418 reprehensus
1526 5344 1585 5400 est.

208 5408 321 5487 legitur
335 5412 539 5490 euangelium,
555 5420 586 5475 et
610 5428 678 5482 cum
694 5415 805 5480 mortui
831 5418 1063 5483 deferunturad
1154 5423 1198 5484 Ad
1215 5423 1356 5500 quintum
1376 5426 1602 5500 argumentum,
1626 5433 1776 5498 negamus
1803 5417 1974 5496 reliquias,

205 5490 419 5586 sepulchrum.
436 5493 534 5586 Atque
550 5498 749 5563 consuevisse
764 5499 801 5565 ad
813 5503 1005 5581 arengalium
1017 5519 1066 5566 ac·
1114 5521 1194 5583 quac
1207 5503 1329 5582 publice
1347 5506 1377 5566 in
1394 5505 1517 5582 templis
1531 5509 1726 5581 exponuntur
1753 5501 1973 5570 venerandae,

205 5573 296 5636 cendi
312 5588 421 5642 cereos
436 5591 466 5636 rn
486 5582 546 5638 toto
558 5579 688 5654 oricrrtc,
705 5582 795 5646 dcccl
823 5583 1027 5665 Hieronymus
1042 5585 1065 5648 i·
1114 5603 1185 5650 essc
1197 5587 1420 5666 supposititias.
1438 5586 1567 5664 Semper
1582 5584 1664 5648 enim
1679 5583 1818 5648 Hcclcsia
1844 5582 1974 5660 diligen·

203 5655 309 5734 bidem
330 5662 434 5736 0⁰ltili
463 5656 671 5751 Vigiltltliulffl
688 5670 719 5736 et
746 5669 873 5735 raccenal
890 5667 919 5742 ip
945 5668 1065 5744 tancre,
1117 5672 1361 5750 turcorumque
1383 5669 1506 5742 iraudcs
1521 5667 1641 5745 tarent,
1671 5673 1701 5730 ct
1724 5669 1892 5764 praecipue
1906 5671 1976 5748 post
