4088 6300
280 381 331 439 tii
901 379 944 438 aa
967 375 1072 438 ducati
1092 376 1289 440 strutionum

210 515 303 578 ticum
318 518 510 595 episcopum.
527 515 616 586 idest,
634 515 814 578 Auxentium
837 515 1011 588 audiebant,
1029 531 1066 577 eo
1112 513 1145 576 lit
1159 513 1203 576 illi
1218 531 1269 577 res
1284 514 1408 594 gratior,
1430 511 1552 589 quando
1567 507 1649 588 quod
1672 505 1717 568 illi
1732 501 1904 579 offerimus,
1929 507 1984 567 est

211 601 291 675 «quod
314 601 521 663 existimarent
535 600 576 660 ibi
594 605 707 661 tanturn
734 614 805 662 esse
830 613 932 660 reram
962 598 1068 660 liccle·
1111 597 1289 660 hominibus
1304 597 1420 658 utilius.
1433 595 1510 657 ilinc
1525 593 1617 674 igitur
1632 590 1754 670 quando
1769 589 1881 651 alicubi
1900 597 1987 684 tem·

209 681 298 752 siam,
316 689 460 744 cinerum
476 679 668 760 episcopum,
687 681 738 743 ubi
755 687 818 744 erat
833 683 980 760 templum
1003 681 1068 742 [leo
1114 681 1162 759 pla
1175 681 1250 742 satis
1271 680 1351 742 bene
1364 696 1398 741 so
1420 679 1545 752 habent,
1563 689 1715 754 pauperes
1730 680 1832 734 autem
1862 673 1984 733 nobili·

209 771 375 826 saerurntet
386 780 446 824 non
460 763 697 826 considerabant
711 765 822 844 templa
835 781 927 840 saepe
942 765 980 826 ab
996 763 1069 824 hac·
1115 773 1160 824 tor
1180 763 1335 838 patiuntur
1349 768 1527 842 egestatem:
1544 766 1616 820 tnnc
1631 755 1742 817 melius
1754 761 1801 816 est
1816 755 1889 816 dare
1903 771 1986 834 pau·

208 846 313 908 reticis
328 846 484 924 occupari,
502 853 532 908 et
544 863 632 909 veros
647 848 814 910 catholicos
830 847 875 908 rel
888 847 919 908 in
940 848 1067 926 cryptis,
1116 845 1243 924 peribus
1258 846 1497 924 eleemosynam,
1514 857 1603 920 quam
1627 839 1742 916 templo
1757 838 1870 899 addere
1886 855 1985 898 oroa-

209 930 255 988 rel
271 928 302 988 in
318 929 450 990 desertis
462 943 556 1004 saepe
570 937 717 991 versatos.
1117 935 1230 1003 mcota3
1247 926 1317 989 etin
1332 929 1391 988 hoo
1406 942 1478 988 casu
1502 923 1636 1004 loquitur
1662 920 1910 1000 chrysostomus.
1930 921 1984 979 lii·

250 1009 293 1071 hd
309 1017 439 1084 sextum,
455 1027 492 1073 ex
507 1011 672 1074 hactantio.
686 1012 857 1074 Lactantius
873 1011 1001 1089 probare
1016 1025 1067 1070 ro·
1111 1010 1203 1072 debat
1214 1011 1296 1070 eninr
1312 1010 1453 1072 homines
1475 1023 1588 1085 pronos
1602 1004 1765 1065 admodum
1788 1004 1824 1063 ad
1841 1003 1982 1065 olleren-

207 1091 434 1171 lebat,ineptea
450 1094 616 1172 gemnibus
631 1092 730 1156 ollerri
747 1111 871 1156 munera
885 1093 1068 1163 idolis,idest
1112 1093 1147 1152 da
1164 1091 1320 1154 Ecclesiae
1336 1092 1472 1162 donaria,
1491 1097 1520 1150 et
1537 1086 1729 1166 negligentes
1753 1085 1790 1180 ¹iu
1807 1101 1877 1146 cura
1897 1103 1979 1160 pau-

208 1174 242 1234 Dt
257 1191 272 1236 s
288 1191 347 1236 non
364 1177 579 1238 sentientibus:
607 1177 762 1252 nuclea,
788 1180 896 1253 inquit,
923 1176 1067 1237 hantincs
1112 1191 1230 1252 perum,
1247 1175 1278 1235 io
1294 1189 1459 1251 quoscnsu
1476 1173 1565 1234 etiarn
1589 1171 1707 1231 ridetur
1729 1168 1845 1262 dixisse
1875 1167 1980 1262 tiscas

209 1273 301 1322 aura.
317 1258 420 1332 ebore,
437 1261 580 1337 pensabis,
593 1259 835 1322 Deoscaceoluni
849 1266 878 1320 ci
892 1262 1065 1328 coornent,
1111 1275 1178 1334 cap.
1193 1257 1223 1318 ii.
1239 1257 1493 1320 Misericordiam
1502 1255 1655 1326 solomon
1665 1249 1976 1326 sacrificaumpdest,

208 1341 387 1417 quasivero
403 1357 446 1404 em
460 1341 508 1404 bis
519 1341 614 1404 rebus
625 1342 729 1403 ailant
749 1343 873 1420 possint
887 1352 1001 1414 cupere
1016 1355 1067 1400 ao·
1113 1341 1191 1401 malo
1208 1341 1460 1412 miscricordiam,
1478 1353 1569 1416 quarn
1585 1332 1780 1398 sucrttlcium.

209 1422 373 1499 laptolcm.
394 1421 468 1498 Quis
488 1439 567 1486 orsus
592 1431 637 1486 est
658 1425 874 1502 pretiosorum
893 1437 1068 1484 muneram
1153 1423 1188 1483 At
1203 1425 1373 1485 econtrario
1391 1468 1398 1492 ,
1415 1423 1440 1481 si
1457 1419 1568 1480 alicubi
1596 1433 1747 1498 pauperes
1777 1414 1978 1476 mediocriter

208 1505 531 1568 nibilscotienlibua?
547 1507 610 1568 lloc
625 1515 724 1568 autern
751 1509 860 1586 probat
886 1522 921 1566 ex
938 1503 1065 1578 Persio,
1113 1509 1289 1578 tractantur,
1309 1507 1364 1566 sed
1382 1503 1492 1582 templa
1510 1503 1571 1562 sint
1600 1500 1711 1561 inculta
1738 1505 1766 1559 et
1791 1499 1928 1558 deserta.
1947 1505 1979 1557 et

208 1587 260 1664 qui
276 1603 346 1650 aere
361 1591 516 1667 sapienter
530 1589 654 1662 scribit,
671 1605 731 1650 non
747 1591 862 1651 debere
891 1603 980 1649 aurea
998 1603 1065 1648 vasa
1112 1595 1271 1664 propterea
1287 1588 1448 1649 decrescat
1464 1585 1560 1664 pietas
1576 1586 1605 1644 ci
1619 1580 1751 1643 devotio:
1769 1587 1841 1640 luno
1856 1581 1973 1641 molius

210 1671 330 1745 templis
352 1671 468 1743 inlerri,
485 1673 571 1749 quasi
589 1671 649 1732 illis
662 1671 854 1733 delectentur
865 1670 912 1732 Dii
930 1671 1022 1749 lignei
1036 1675 1067 1729 et
1111 1677 1158 1731 cst
1170 1686 1278 1731 orrrare
1295 1671 1421 1747 temple,
1439 1668 1507 1747 quia
1524 1667 1554 1726 id
1573 1672 1619 1728 est
1635 1664 1739 1726 utilius
1767 1663 1856 1723 etiarn
1872 1665 1976 1740 proxi·

210 1757 381 1822 marmorei,
398 1769 467 1816 cum
479 1755 555 1814 nihil
570 1756 713 1826 sentiant,
728 1756 783 1816 sed
801 1754 900 1831 potius
912 1758 1067 1832 oporteret
1112 1769 1171 1824 mo.
1187 1753 1276 1830 cujus
1297 1756 1395 1831 pietas
1424 1758 1454 1813 et
1469 1749 1588 1810 devotio
1602 1747 1723 1826 juratur
1738 1745 1789 1806 illo
1804 1755 1927 1807 ornatu:
1944 1751 1976 1806 et

215 1831 280 1895 Diis
291 1835 462 1898 virentibus
477 1835 589 1912 ollerri,
606 1841 638 1898 ut
652 1837 719 1915 ipse
734 1837 818 1899 dicit:
1111 1835 1140 1895 in
1151 1838 1209 1897 boc
1221 1852 1293 1900 casu
1308 1833 1709 1914 loquiturlheophqlaotus.
1727 1827 1854 1900 Quando
1867 1836 1971 1888 autem

1110 1925 1193 1979 esset
1208 1919 1344 1997 aequalis
1371 1915 1536 1992 indigentia
1553 1921 1582 1975 ct
1598 1913 1795 1990 templorum.
1811 1917 1840 1970 et
1857 1927 1973 1988 paupe·

243 2005 430 2076 compositum
437 2005 496 2075 jos,
509 2007 606 2078 [usquc
620 2009 719 2076 animi,
733 2012 899 2078 sacratosque
910 2020 1034 2063 recessus
1109 2017 1188 2066 rum.
1208 2001 1297 2062 modo
1313 2015 1373 2064 non
1390 1997 1429 2060 sit
1444 2004 1588 2070 extrema,
1606 1996 1759 2055 rideretur
1772 1993 1883 2053 melius
1898 1993 1971 2052 dare

241 2077 354 2147 Metilii,
368 2081 687 2151 eiiu0⁰⁰iu¹t²ll⁶u2r⁰⁸⁰
699 2083 796 2152 ultius
808 2081 932 2136 burserio.
1110 2084 1224 2161 ternplo
1240 2099 1330 2160 quam
1346 2082 1485 2161 pauperi.
1502 2080 1572 2158 quia
1589 2077 1686 2155 pluris
1708 2076 1846 2136 iacienda
1863 2082 1910 2135 est
1927 2078 1970 2135 in-

1106 2166 1239 2244 digentia
1252 2165 1431 2242 spiritualis,
1445 2177 1536 2243 quam
1552 2155 1738 2238 temporalis,
1757 2163 1787 2217 et
1799 2160 1868 2235 quia
1882 2173 1970 2219 orna·

248 2240 354 2320 ltaque
367 2257 427 2303 non
443 2244 679 2321 reprehenditur
692 2259 800 2305 auram
816 2242 1059 2321 templi,qnaodo
1106 2256 1154 2310 tus
1170 2249 1272 2323 ternpli
1289 2253 1336 2308 est
1347 2247 1461 2309 bonum
1481 2243 1651 2306 durabilius
1665 2287 1673 2314 ,
1691 2245 1721 2301 ct
1743 2242 1942 2300 communies
1961 2289 1968 2312 ,

204 2323 321 2385 bonum
338 2341 426 2385 usum
442 2325 546 2395 habet,
562 2328 654 2401 idest,
671 2327 821 2388 excitandi
837 2329 873 2386 ad
890 2326 1032 2402 pietoiem
1050 2345 1058 2402 ;
1106 2349 1196 2408 quarn
1211 2331 1455 2406 sitelecmosqua
1473 2327 1540 2388 data
1557 2323 1757 2405 pauperihus:
1775 2321 1887 2401 atquin
1905 2341 1968 2383 ma·

205 2405 259 2466 sed
274 2407 373 2468 solum
384 2407 631 2485 reprehenditur,
643 2411 765 2488 quando
777 2411 823 2469 sic
837 2408 962 2470 ollertur
974 2409 1058 2482 lieo,
1108 2416 1156 2492 gis
1169 2413 1344 2474 immediate
1360 2411 1449 2472 dntur
1464 2408 1540 2470 Deo.
1707 2451 1710 2455 -

204 2489 290 2562 qrrasi
307 2489 333 2549 is
348 2505 515 2566 corporeus
530 2492 580 2566 sit,
596 2497 626 2554 el
637 2493 731 2554 rebus
754 2489 905 2570 ejusmodi
921 2507 1059 2570 corpora·
1150 2497 1191 2556 Ad
1209 2497 1336 2573 primam
1349 2496 1496 2555 rationem
1513 2492 1583 2552 dico
1597 2488 1664 2550 tria.
1682 2487 1794 2554 Primo.
1812 2485 1966 2548 Christum

206 2571 276 2631 liter
290 2572 469 2634 delectetur.
1107 2577 1203 2640 luisse
1220 2593 1458 2655 pauperemque
1474 2573 1670 2652 requisivisse
1686 2575 1810 2648 propter
1824 2585 1858 2631 se
1875 2569 1966 2631 ollam

245 2653 285 2714 ld
298 2655 473 2731 septimum,
490 2671 527 2717 cx
542 2656 985 2726 Bernardo,dioo:Bernardum
999 2671 1059 2716 non
1109 2678 1262 2738 pompam.
1279 2662 1324 2722 vel
1342 2659 1468 2720 delicias
1485 2657 1513 2716 in
1533 2657 1590 2715 hoc
1612 2653 1726 2714 mundo
1744 2668 1752 2710 :
1776 2657 1878 2714 tamon
1907 2671 1966 2714 non

203 2736 431 2811 reprehendere
446 2739 625 2814 simpliciter
640 2744 777 2803 narratum
805 2739 921 2814 templi,
946 2739 1000 2799 sod
1013 2753 1060 2798 or·
1107 2761 1267 2804 recusasse
1286 2741 1436 2803 interdum
1453 2745 1633 2815 sumptuosa
1649 2736 1798 2810 obsequia
1817 2781 1825 2802 ,
1853 2735 1969 2812 quibus

204 2824 321 2879 iratum.
337 2823 567 2898 queor.iemplis
596 2824 662 2883 suis
678 2823 819 2883 monachi
842 2819 1061 2884 cluniacenses
1109 2827 1229 2888 viuubat
1246 2826 1283 2886 ali
1309 2823 1453 2902 elangeri
1468 2821 1587 2892 piorum
1603 2819 1809 2881 devotionem.
1834 2827 1866 2878 ut
1889 2825 1970 2895 patei

203 2901 402 2962 adhibebunt.
418 2901 490 2962 Nam
507 2911 538 2965 ut
553 2921 589 2966 ex
604 2905 744 2983 apologia
761 2904 810 2964 ilia
836 2903 998 2980 colligitur.
1014 2919 1061 2963 iu·
1109 2910 1148 2970 de
1166 2908 1310 2984 inpressu
1328 2907 1395 2987 ejus
1412 2910 1441 2966 in
1457 2902 1647 2966 lliernsalcm
1670 2915 1764 2974 snper
1789 2899 1923 2974 asinnnu
1941 2903 1971 2962 in

203 2983 367 3058 ulflhflndii
395 2999 422 3046 ⁸·
446 2984 618 3048 Biiuuiius
642 2987 752 3059 Pilum,
779 2987 860 3064 (luod
891 2987 1056 3058 wilichi,
1110 3009 1171 3070 quo
1189 2993 1324 3052 libenter
1346 2988 1479 3054 admisit.
1502 2991 1536 3047 ut
1564 2982 1647 3046 multi
1670 2989 1843 3044 sternerent
1869 2992 1971 3044 restes

201 3064 395 3142 professione
409 3083 570 3146 pauperes.
585 3069 873 3147 cripereotoratoria
888 3069 917 3128 in
934 3071 1062 3130 immen-
1109 3091 1182 3135 suas
1198 3075 1226 3133 iu
1244 3073 1302 3134 riu.
1315 3087 1394 3152 quae
1410 3070 1541 3148 pedibus
1551 3066 1682 3148 jumenti
1700 3066 1782 3126 illius
1803 3066 1967 3128 conculca·

203 3161 268 3207 sam
280 3147 481 3218 altitudinem,
498 3152 578 3230 quod
592 3169 697 3214 eurum
714 3151 897 3230 professioni
914 3167 973 3212 non
990 3167 1061 3212 coo·
1105 3157 1225 3226 bantur,
1244 3164 1270 3218 ct
1291 3157 1367 3216 lorte
1383 3154 1474 3214 eliam
1495 3150 1708 3213 lacerabantur
1721 3147 1824 3209 llalih⁴
1841 3147 1895 3209 et.
1921 3167 1971 3226 pa·

203 3229 359 3292 veniebat.
382 3230 536 3306 Secundo,
554 3236 634 3312 quod
652 3235 724 3296 dum
753 3235 865 3312 templa
889 3250 942 3294 suu
960 3235 998 3294 ita
1015 3249 1061 3294 or·
1107 3245 1149 3301 tet
1165 3240 1253 3300 etiarn
1281 3239 1318 3299 rlc
1339 3243 1494 3314 unguento
1521 3233 1768 3312 pretiosissimo.
1792 3247 1854 3308 quo
1881 3239 1972 3298 corrui

203 3311 506 3380 narent,iaterentur
533 3332 568 3378 se
594 3333 665 3378 esse
690 3318 829 3379 carnales
855 3320 885 3375 et
913 3315 1061 3378 inllrmos.
1108 3339 1208 3384 suum.
1228 3322 1369 3398 eipedus
1402 3317 1509 3397 inungi
1539 3328 1648 3399 passus
1673 3321 1721 3375 est
1742 3311 1844 3374 llaith.
1877 3313 1972 3375 “lbet

205 3392 335 3456 Ornatus
347 3397 428 3456 enim
444 3399 626 3476 templorum
640 3400 701 3460 iilis
717 3397 858 3460 ecclesiis
871 3399 1063 3475 potissimum
1107 3405 1193 3466 lanu.
1210 3405 1260 3465 l‘i.

206 3477 359 3547 iutuitu,
376 3479 412 3538 ad
429 3497 504 3556 quas
525 3483 658 3560 populus
684 3481 841 3543 confluere
867 3482 967 3556 sotei,
994 3479 1064 3558 quia
1150 3485 1299 3549 Secundo
1313 3483 1393 3546 dico:
1411 3482 1497 3559 Quod
1514 3480 1653 3543 Christus
1678 3477 1768 3538 iuerit
1796 3493 1927 3555 pauper.
1945 3484 1973 3539 et

206 3557 366 3637 simplices
379 3560 521 3624 homines
547 3571 640 3640 egent
661 3563 814 3644 ejusmodi
843 3564 948 3625 rebus.
977 3562 1064 3624 Uada
1109 3569 1274 3640 stabulum,
1311 3585 1346 3628 ao
1362 3581 1480 3642 pannos
1495 3563 1612 3625 etriles
1627 3561 1712 3622 eibos
1728 3561 1884 3625 amaverit.
1904 3561 1973 3622 ideo

206 3639 322 3702 ibidem
349 3643 412 3702 ³⁵¹²
435 3642 475 3712 iii-
494 3646 628 3724 quidem
648 3647 718 3709 atto
739 3663 855 3708 cnosso
877 3652 922 3708 iii
943 3645 1062 3725 &liiiio-
1111 3652 1220 3715 iactum
1237 3666 1319 3715 esse.
1336 3648 1406 3727 qula
1422 3649 1477 3709 ista
1493 3644 1705 3723 congruebant
1717 3643 1844 3720 tempori
1862 3653 1971 3704 morta·

202 3737 333 3801 iturum,
349 3725 419 3786 ctio
428 3728 673 3792 monachorum.
691 3729 815 3791 Scimus
825 3745 967 3809 nuncque
979 3728 1066 3808 quod
1110 3735 1202 3797 litatis
1218 3735 1297 3814 ejus.
1314 3731 1444 3792 Venerat
1458 3729 1539 3790 enim
1554 3733 1587 3789 ut
1603 3732 1806 3802 pateremuei
1818 3741 1873 3803 per
1890 3727 1972 3786 labo·

203 3805 274 3876 iiii.
297 3807 496 3885 sapientibus
518 3815 547 3872 ei
566 3811 792 3890 insipientibus
814 3811 969 3874 (isidorus
993 3826 1067 3871 uum
1111 3834 1173 3890 res,
1189 3833 1225 3877 ac
1241 3816 1373 3884 dolores,
1390 3809 1726 3874 mundumredimercl:
1758 3808 1792 3868 lli
1809 3815 1972 3886 noncpost

206 3888 295 3957 siai,
316 3891 459 3952 caranus
483 3893 599 3972 popuii
623 3897 844 3967 devotionem,
872 3894 952 3973 qutu
972 3893 1067 3972 spiri·
1111 3905 1237 3961 murrum
1253 3897 1573 3966 etrusco-cononem,
1603 3907 1674 3952 oum
1699 3891 1971 3970 gloriosusrcguar

206 3969 348 4033 tualibus
371 3987 440 4034 non
462 3983 607 4052 liuiuiiui,
619 3977 838 4055 corporalibus
860 3978 1004 4038 eoecilant
1018 3991 1067 4036 ον·
1112 3983 1142 4044 in
1156 3983 1253 4053 coelo,
1270 3977 1412 4041 convenit
1427 3979 1469 4037 iili
1486 3977 1595 4038 domus
1610 3971 1817 4052 magnilicaet
1831 3975 1968 4051 splendi-

208 4054 383 4116 nomentr‘s.
413 4054 514 4118 Tcrtio
545 4059 774 4134 reprehendit,
811 4061 891 4138 quod
922 4064 1066 4136 quaestus
1113 4065 1251 4126 pissima,
1649 4065 1652 4076 ·

206 4150 316 4196 cuussu
332 4147 476 4199 ornarent
490 4142 760 4218 templa.niroirum
775 4148 806 4203 ut
817 4142 920 4220 plures
934 4140 1067 4201 eonduc-
1153 4148 1236 4207 ‚ldrlc
1254 4144 1353 4206 tertio:
1370 4141 1494 4218 'lempla
1507 4137 1600 4202 dicari
1617 4135 1734 4200 Christo
1750 4137 1916 4213 praecipue
1929 4155 1973 4198 ra·

206 4225 275 4278 rent
289 4220 325 4278 ad
338 4217 542 4283 atterendum.
556 4223 771 4301 Quarto.quod
787 4241 855 4286 cunr
869 4225 979 4303 injuria
993 4238 1063 4284 san·
1114 4229 1195 4292 riuus
1210 4228 1386 4290 diviuitutis:
1403 4242 1461 4303 qua
1477 4225 1593 4286 ratione
1608 4237 1732 4292 semper
1747 4219 1802 4280 luit
1817 4221 1904 4281 uires
1922 4237 1972 4282 rer

206 4306 323 4360 otorurn
340 4301 424 4364 humi
438 4306 616 4382 sculperent
637 4307 798 4383 imapines.
825 4306 958 4382 Quinto,
981 4303 1064 4384 quod
1114 4329 1219 4390 rogum
1236 4317 1266 4372 et
1280 4309 1422 4371 dominns
1434 4305 1669 4368 dominantium.
1682 4303 1787 4380 ltaque
1801 4303 1972 4364 rectissime

209 4381 302 4454 bona,
319 4399 397 4462 quite
419 4394 601 4462 uuuuueraul
626 4388 835 4451 distribuenda
851 4388 1036 4466 pauperibus
1053 4431 1061 4458 ‚
1108 4401 1304 4455 car-struuntur
1320 4393 1369 4452 illa
1385 4389 1498 4466 templa
1514 4385 1686 4466 magnilica,
1703 4385 1803 4464 qualia
1822 4385 1887 4446 lico
1903 4403 1972 4446 con·

212 4465 404 4527 insumerem
419 4469 448 4528 ¹¹¹
465 4466 517 4528 ilii
541 4476 729 4542 Otuumeulu
761 4474 882 4548 quaudo
911 4485 1062 4549 pauperes
1109 4475 1247 4548 veniunt,
1269 4475 1341 4536 licet
1355 4471 1517 4548 ipseidem
1539 4472 1568 4532 io
1586 4473 1679 4532 lorma
1702 4467 1793 4530 serri.
1821 4467 1973 4528 humilita-

207 4546 296 4608 auidc
311 4548 501 4628 indigebant.
517 4550 618 4624 Sexto,
636 4555 716 4633 quod
733 4560 908 4615 ornamenta
921 4570 996 4614 rana
1012 4553 1063 4614 ad·
1114 4566 1174 4621 tem
1188 4566 1217 4619 et
1232 4561 1440 4635 paupertatum
1456 4553 1559 4623 verbo,
1571 4557 1601 4614 et
1616 4552 1757 4627 exemplo
1772 4549 1926 4612 docuerit.

208 4629 351 4690 biberent
367 4632 498 4708 templis,
522 4651 600 4709 quae
615 4637 711 4698 solam
736 4637 941 4698 coriosilatem
955 4651 1062 4715 pasce·
1149 4641 1192 4702 Ad
1221 4639 1386 4702 secundum
1403 4637 1470 4700 (lico
1486 4654 1494 4696 ε
1510 4637 1573 4696 lion
1586 4649 1657 4696 esse
1674 4636 1769 4692 otiosa
1783 4639 1974 4700 ornamenta.

208 4727 253 4782 re,
272 4727 333 4772 non
349 4719 448 4774 auiam
464 4717 605 4794 pictatem
634 4719 768 4780 excitare
794 4718 942 4782 valerani.
972 4719 1063 4780 Porro
1107 4723 1178 4802 qnia
1193 4730 1266 4784 suni
1284 4721 1370 4800 signa
1386 4721 1585 4788 reverentino,
1609 4721 1639 4776 el
1652 4715 1774 4794 pietatis
1789 4721 1915 4776 nostrae
1932 4731 1974 4775 er·

209 4793 286 4856 haec
301 4797 400 4856 omnia
419 4799 524 4859 merito
539 4801 816 4876 reprehenduntur.
1109 4824 1145 4884 pu
1163 4805 1271 4882 ileum,
1288 4812 1319 4866 et
1337 4802 1468 4864 excitant
1482 4800 1512 4862 in
1536 4799 1647 4860 animis
1666 4796 1824 4858 hominum
1840 4797 1974 4859 devotio-

250 4875 294 4938 rld
310 4883 446 4940 octavum
463 4895 500 4942 ex
515 4879 743 4960 dlrrysostomo,
770 4884 839 4944 dieo
857 4903 864 4944 :
896 4884 970 4946 liuor
1001 4899 1063 4944 noo
1109 4905 1192 4950 nem.
1209 4887 1295 4950 Unde
1317 4883 1514 4964 interroganti
1527 4882 1642 4944 Persio:

211 4959 453 5036 neqarclicitum
470 4979 540 5026 esse
554 4965 665 5043 templa
680 4965 839 5042 magnifice
853 4973 1019 5038 exstruere,
1035 4971 1065 5026 et
1358 5011 1360 5018 .

209 5057 329 5111 ornare:
346 5044 399 5104 sed
416 5045 515 5106 solum
531 5054 718 5122 anteponere
734 5047 804 5110 huic
819 5049 937 5112 ornatui
959 5066 1062 5110 curam
1179 5059 1270 5115 Dicite
1282 5055 1437 5130 pontifices,
1451 5055 1483 5111 to
1494 5057 1592 5110 sancto
1605 5049 1753 5122 quidiocit
1765 5048 1889 5106 amum?

208 5140 390 5200 pauperum:
408 5127 496 5206 cujus
511 5130 685 5207 oppositum
708 5111 797 5192 docet
818 5131 1063 5211 Theophylucius

209 5203 416 5283 Gi¹ii⁸⁰³¹⁰¹¹¹i
430 5211 600 5290 ⁶⁵⁸⁰iP⁰¹i¹⁵
616 5213 645 5274 in
662 5231 730 5291 ⁰³9·
748 5214 797 5274 ii·
813 5213 905 5276 llarc.
922 5215 976 5276 sed
994 5231 1063 5291 [³0⁵-
1151 5220 1411 5301 llcspondendum
1425 5225 1483 5294 cst,
1501 5217 1594 5279 multa
1610 5215 1689 5278 bona
1710 5213 1792 5284 iacit,
1810 5231 1892 5292 quac
1916 5217 1975 5295 jaun

208 5295 282 5348 sunt
297 5289 383 5351 iacilc
399 5294 568 5356 conciliari.
591 5294 756 5358 Sciendum
786 5297 900 5376 igitur,
924 5297 1064 5358 obsolute
1111 5305 1369 5367 uuumuuuuuuus,

206 5369 320 5430 ¹melius
336 5387 406 5434 esse
430 5375 579 5438 honorare
596 5377 692 5439 licum
718 5380 747 5440 in
773 5379 900 5456 scipso,
927 5396 1017 5458 quam
1032 5380 1064 5438 in
1151 5391 1192 5449 ln
1211 5390 1326 5450 tortium
1341 5385 1430 5448 dico:
1450 5383 1632 5448 ornamento
1649 5380 1698 5440 illo
1715 5393 1776 5440 non
1792 5376 1872 5450 liert,
1887 5387 1921 5440 ut
1937 5381 1977 5440 di·

208 5453 407 5530 nauperibuu
420 5455 491 5520 Nam
508 5461 703 5523 citaritusltui
719 5477 842 5540 sempor
856 5462 1000 5540 anteponi
1013 5463 1063 5523 du·
1112 5473 1260 5544 struhunt,
1277 5471 1332 5532 sed
1360 5475 1391 5529 ut
1406 5469 1539 5529 excitent
1555 5463 1760 5526 devotionem.
1778 5459 1867 5536 Quod
1884 5464 1911 5524 si
1929 5464 1978 5522 uli-

206 5535 418 5628 ⁰⁰²‚⁰i¹i¹ii¹⁰ii
434 5543 788 5617 uf⁰ii¹⁰iiflf⁰¹uii⁰¹⁸ss
805 5545 874 5621 quia
889 5545 1065 5607 061151ὶῦ1Ιί1
1114 5553 1164 5632 qui
1178 5551 1399 5624 distrahuntur,
1416 5556 1464 5612 esi
1478 5548 1583 5610 sitium
1596 5546 1729 5614 illorum,
1746 5543 1798 5620 qui
1813 5544 1979 5606 abutuntur

208 5631 241 5675 Μ
265 5619 392 5694 'niuei
410 5625 440 5680 fii
455 5639 533 5701 (luftu
545 5625 589 5685 ilii
604 5625 773 5698 offerimus,
789 5628 852 5688 ruli
876 5627 966 5690 uubis
982 5627 1066 5690 uliliu
1112 5637 1205 5698 rebus
1217 5635 1381 5696 bonis:nisi
1398 5633 1473 5694 torte
1485 5634 1659 5693 orrmmcnin
1686 5629 1746 5686 sint
1761 5626 1892 5688 omnino
1909 5645 1978 5689 rana

208 5715 290 5774 esse,
309 5716 368 5762 non
385 5703 455 5764 sibi:
474 5705 543 5770 ideo
561 5714 632 5769 tune
645 5709 724 5771 boas
740 5712 835 5787 magis
848 5711 1022 5784 honoratur,
1037 5718 1067 5774 ci
1113 5727 1142 5782 ui
1156 5721 1268 5797 iuopia,
1283 5733 1362 5796 quae
1379 5720 1408 5780 ct
1425 5730 1481 5778 uus
1493 5711 1763 5792 reprehendimus.
