4086 6296
798 397 894 456 treet
913 397 1088 462 SECUNDUS
1696 385 1746 442 dli

55 534 146 599 beret
160 551 297 616 pugnare
326 538 356 597 et
370 533 510 612 uincere,
528 532 608 616 quod
625 537 672 596 est
688 533 810 607 melius,
827 549 918 612 quam
961 539 1067 608 terret,
1082 545 1153 598 non·
1165 531 1252 612 paud
1266 522 1521 592 adolescentiae
1543 535 1609 583 esre
1622 519 1739 583 atnoe
1753 533 1811 581 ao·

54 621 163 696 futile
178 620 226 680 rel
242 613 354 680 occidi.
638 631 640 638 ’
963 621 1009 688 tit,
1025 619 1082 681 sed
1096 615 1184 698 qaod
1197 613 1362 677 adniteras
1376 607 1449 689 lieri
1461 609 1551 667 vetet.
1564 629 1582 643 *-

98 701 300 774 l'crlio,sieul
311 699 468 778 aposlolus
484 698 602 776 aithai
614 713 682 763 non
694 713 728 761 ec
742 698 916 775 continent,
1004 701 1036 764 S.
1052 698 1229 763 Ambrosius
1243 703 1407 772 utrumque
1421 690 1523 751 locum
1540 683 1768 764 exponitsinul
1785 684 1816 746 in

53 784 196 848 nabent.
212 783 257 846 lla
274 781 484 845 dixitzlternm
496 782 697 846 revertimini
710 783 748 845 in
760 782 918 859 idipsran,
963 783 1018 845 lib.
1035 784 1074 846 de
1089 779 1209 846 vidulst
1227 778 1305 841 Non,
1316 781 1394 859 pato
1408 821 1415 850 ,
1431 771 1552 850 inquit,
1569 770 1655 847 qaod
1665 767 1817 845 juniores

53 873 88 928 ιιι
103 869 188 928 enim
204 867 322 928 monuit
336 864 564 927 incontinentes
576 865 741 938 solutos,ut
752 863 918 940 nuberent,
962 867 1162 930 reuocandos
1174 853 1299 942 palerii
1313 865 1335 921 d
1347 855 1515 920 nicanoris
1530 849 1657 930 affecta,
1673 849 1818 914 manime

53 951 95 1010 nir
109 952 282 1027 perieulum
300 947 527 1022 luminationis,
544 948 590 1010 sie
606 949 697 1010 eliam
712 945 831 1010 monuit
846 961 918 1008 eon·
963 965 1037 1013 eam
1052 949 1186 1012 asamar.-
1200 944 1312 1008 lietiars
1327 947 1371 1004 est
1384 939 1516 1008 nabere,
1535 951 1634 1015 qnam
1648 935 1721 996 ari:
1737 931 1819 994 llam

49 1033 180 1111 jugulos
198 1031 439 1100 incontinentes,
451 1033 482 1091 ut
496 1035 566 1109 post
581 1030 714 1108 aliquam
728 1029 919 1092 tertationem
962 1033 1074 1112 ntiqae
1096 1046 1156 1112 pro
1170 1027 1315 1094 remedio
1328 1021 1460 1103 nuptias
1481 1017 1604 1091 nimir,
1621 1023 1658 1079 at
1670 1016 1819 1096 peritura

52 1117 93 1176 ab
110 1130 205 1194 opere
221 1113 507 1193 coniugali,ilerum
524 1113 652 1190 redeant
667 1115 703 1174 ad
721 1129 799 1190 opus
812 1110 920 1192 conju·
961 1105 1108 1186 aanetnr,
1123 1127 1194 1176 non
1202 1109 1429 1190 praelectione
1442 1101 1669 1182 praescripsit,
1688 1103 1777 1162 casta
1792 1103 1820 1159 et

51 1197 127 1272 gale
144 1245 152 1270 ,
169 1198 209 1259 ob
224 1197 395 1275 periculum
419 1195 574 1257 adulterii.
589 1196 624 1256 tt
638 1195 687 1256 tris
701 1195 803 1257 verbis
818 1201 920 1274 poste·
957 1200 1133 1262 continens
1148 1187 1452 1275 qnodscqantnrblt
1465 1186 1495 1248 iu
1512 1184 1572 1271 linc
1588 1181 1670 1244 libri:
1686 1181 1750 1243 Sed
1760 1195 1819 1243 nec

52 1277 460 1358 rioribus-nitriiopostolus
476 1277 645 1356 imperarit,
663 1279 717 1339 sed
735 1279 836 1340 solam
851 1291 920 1356 per·
963 1283 1066 1345 ciana
1079 1281 1288 1360 praeceptam
1302 1272 1430 1351 accipit,
1446 1267 1504 1331 sed
1518 1267 1701 1330 consiliam.
1716 1262 1821 1326 Silia·
1863 1275 1867 1282 ·

51 1363 155 1438 misia
171 1363 217 1424 sio
232 1363 313 1422 enirn
329 1359 497 1440 subjdnxit:
514 1359 580 1422 liae
594 1365 702 1423 anam
718 1361 790 1422 dico
805 1375 919 1423 secan·
964 1379 1109 1446 ronynrus
1123 1357 1261 1440 in‘epist.
1279 1359 1328 1420 ll.
1345 1356 1381 1417 ad
1397 1350 1595 1432 tgcrocbiam
1621 1349 1662 1430 de
1676 1362 1821 1425 monoga-
1845 1429 1848 1434 Δ

52 1447 143 1508 darm
155 1444 396 1522 indalpentiam
410 1489 418 1518 ,
434 1459 503 1506 non
526 1445 707 1506 secandam
718 1443 918 1521 imperiam3
965 1448 1036 1509 mia:
1057 1447 1125 1507 init
1139 1493 1146 1518 ,
1158 1441 1274 1516 innuit,
1291 1437 1454 1520 apostolus
1469 1434 1608 1496 alteram
1620 1429 1823 1493 matrimoni·

51 1527 151 1606 igitur
166 1529 196 1588 in
213 1527 314 1588 verbis
330 1543 452 1606 quoque
468 1525 622 1604 prioribus
636 1573 644 1599 ,
662 1525 778 1587 uultum
795 1525 919 1606 imperi·
962 1547 1031 1598 am,
1045 1546 1118 1592 eam
1132 1525 1270 1590 nitriolo
1280 1516 1562 1603 ianiaresaabere
1572 1513 1761 1596 maererent
1773 1511 1822 1574 dt·

51 1627 120 1684 um,
139 1609 195 1671 sed
211 1610 276 1671 sola
292 1609 495 1686 induigentia,
513 1623 548 1670 ac
564 1607 727 1685 permissio
743 1613 808 1685 est,
962 1615 1121 1692 ,perreriam¹
1131 1607 1362 1687 fornicationi,
1379 1601 1559 1666 secandam
1582 1595 1824 1673 indrrlpentiam

81 1693 141 1754 ιιι
154 1709 215 1771 quo
231 1691 443 1770 intelligimus,
461 1691 552 1752 etiarn
568 1692 598 1752 in
615 1693 678 1753 illis
692 1691 804 1753 verbis:
822 1689 920 1754 dares·
965 1697 1151 1770 dumtaxat,
1167 1687 1237 1756 non
1247 1689 1427 1753 secandam
1441 1683 1626 1762 imperinm.
1645 1678 1823 1755 Sdagusti-

52 1775 195 1855 qnisqac
209 1789 349 1838 acrorem
362 1790 458 1838 saone
472 1774 587 1836 habeat
602 1821 610 1848 ,
627 1775 745 1835 nullum
772 1778 819 1836 est
834 1791 918 1852 prac-
964 1795 1023 1840 nus
1039 1779 1093 1840 lib.
1111 1778 1148 1839 de
1164 1775 1246 1838 bono
1260 1769 1414 1836 viduitatis
1442 1784 1509 1845 cap.
1525 1763 1556 1825 8.
1577 1761 1667 1838 and
1680 1797 1688 1837 ι
1702 1759 1822 1837 inquil,

52 1866 194 1938 ceptum:
212 1858 283 1919 dam
299 1863 350 1918 aut
365 1857 499 1932 innuitur·
513 1858 550 1918 de
566 1858 646 1922 iilis.
664 1857 715 1937 qui
728 1855 790 1936 jam
807 1871 919 1918 uxores
964 1862 1065 1924 dicit:
1085 1859 1156 1922 Volo
1167 1859 1318 1942 inaniores
1332 1852 1455 1916 nabere
1470 1897 1477 1918 ,
1492 1847 1689 1926 nuptiarum
1704 1842 1825 1904 bonnm

53 1943 222 2010 duxerunt,
239 1947 272 2002 ut
286 1939 350 2000 rull
364 1955 391 2000 s.
408 1939 612 2019 [lieronymus
627 1939 683 2001 lib.
696 1941 723 2001 le
741 1940 770 2001 in
787 1938 919 2014 torinia-
963 1936 1142 2025 apostolica
1159 1941 1328 2004 sobrietate
1356 1937 1384 1998 ei
1400 1934 1591 1996 anctoritate
1606 1926 1822 2002 commender

52 2039 143 2096 num,
161 2028 191 2084 ct
205 2027 299 2094 reolo,
320 2022 388 2100 quia
405 2022 544 2100 sequitur
559 2023 751 2101 paulopost:
768 2019 844 2084 bico
860 2033 917 2084 aa·
963 2043 1032 2090 non
1046 2023 1249 2106 procreandi
1274 2020 1414 2102 officinm
1429 2017 1527 2080 etiam
1546 2013 1612 2084 eis',
1628 2025 1713 2090 pirae
1728 2007 1828 2070 canti·

51 2113 118 2167 tem
131 2107 283 2184 innuptis
298 2109 327 2166 et
338 2105 457 2170 indata.
477 2104 597 2167 bonnm
612 2111 656 2167 est
666 2107 696 2167 si
709 2106 755 2166 ιιι
768 2121 919 2184 perman·
965 2111 1099 2172 nentina
1116 2103 1236 2170 bonam
1249 2105 1558 2184 capiantlonqnnm
1568 2096 1614 2157 ad
1625 2091 1830 2172 obsequelam

51 2191 175 2264 serina
192 2195 243 2248 aut
258 2187 392 2266 loquitur
407 2188 445 2251 de
461 2188 522 2248 illis
538 2233 546 2257 ,
563 2188 614 2266 qui
631 2187 691 2250 oon
708 2189 870 2262 duxerant,
881 2193 921 2250 ut
966 2193 1045 2270 lepis
1059 2179 1249 2270 imponendi
1263 2187 1354 2268 paulo
1370 2181 1544 2246 antetldem
1556 2171 1710 2240 dixerant
1721 2173 1828 2236 titillo

53 2271 165 2332 Petrus
180 2270 291 2352 llartyr
305 2269 503 2330 contenditzsi
520 2269 558 2332 de
571 2271 608 2332 ils
621 2271 672 2350 qui
685 2270 920 2352 duxerantluuc
967 2276 1047 2338 loco.
1065 2275 1205 2358 qainon
1219 2287 1253 2334 sc
1264 2266 1439 2339 continent,
1455 2259 1827 2346 nabuntriimirnmre-

54 2353 266 2420 sens'userit:
286 2353 662 2432 dnnsqnisqneuacorem
682 2351 920 2432 saamitabeat',
965 2345 1543 2429 medinmaamndinontepemripi.
1580 2386 1586 2399 ·
1623 2405 1624 2410 ,
1728 2357 1730 2366 ·
1808 2343 1838 2352 ‘'

54 2437 286 2504 idest,retinoat
300 2438 390 2497 ctiam
406 2437 504 2514 quoad
520 2435 711 2509 tborum,sed
722 2437 805 2524 junia
818 2435 920 2498 indul·
982 2456 984 2464 ¹
1007 2441 1066 2502 Sed
1082 2440 1255 2500 adieramus
1268 2433 1482 2496 nunciandem
1498 2425 1682 2490 solutionem
1696 2421 1828 2484 tertiam.

53 2519 203 2595 gentiam,
219 2535 280 2579 non
296 2518 378 2598 juxta
395 2517 575 2596 imperium,
591 2519 674 2581 idem
690 2521 772 2580 enim
788 2517 846 2580 esl:
863 2519 922 2580 lte·
966 2523 1042 2585 Dico
1059 2521 1162 2600 ipitur,
1178 2521 1235 2584 ista
1252 2517 1365 2585 omnia,
1382 2517 1515 2594 ιιιιιίι
1535 2508 1673 2587 apostolo
1693 2504 1832 2567 adversa·

52 2600 921 2682 rerurrcuertiminiinidipsamtetanaspnisqnemam
968 2605 1005 2666 rii
1021 2603 1251 2684 objiciunt,sive
1265 2599 1500 2679 permissionem
1517 2594 1674 2664 sonentut
1690 2597 1746 2649 nos
1762 2601 1829 2664 pro·

54 2699 199 2746 limem
213 2682 330 2746 bibisti
343 2730 350 2755 ,
364 2685 470 2760 'dimid
491 2685 624 2746 thorum:
640 2685 665 2746 si
683 2700 754 2754 vera
770 2683 809 2746 de
825 2684 862 2746 lis
878 2685 920 2746 lo·
966 2687 1119 2762 narinus,
1136 2686 1199 2750 sive
1215 2688 1425 2763 praeceptum,
1442 2685 1475 2740 ut
1489 2675 1547 2756 ipsi
1563 2672 1678 2745 nolunt,
1696 2671 1829 2749 pcrtine-

57 2771 176 2844 quilur,
194 2767 245 2844 qui
262 2779 321 2826 non
338 2765 502 2840 duxerunt,
519 2765 601 2828 idem
618 2767 687 2845 erit3
703 2765 921 2846 Unusquisque
968 2787 1001 2833 re
1019 2770 1118 2833 solum
1138 2769 1174 2830 ad
1189 2765 1332 2830 homines
1351 2765 1479 2830 liberos,
1497 2776 1557 2821 nau
1576 2762 1680 2818 autem
1699 2754 1735 2814 ad
1752 2767 1830 2818 eos,

57 2863 190 2910 uxorem
206 2850 294 2910 ducat
309 2849 349 2911 ob
364 2847 712 2929 luminationem,ct‚aui
729 2858 789 2911 uon
803 2863 837 2911 se
850 2865 922 2912 con·
970 2853 1116 2933 quinatis
1128 2852 1190 2933 jam
1207 2848 1334 2928 obligati
1351 2852 1436 2909 suut.
1453 2843 1526 2906 llum
1542 2841 1581 2902 de
1596 2855 1632 2901 ea
1648 2852 1727 2912 auae
1740 2834 1834 2896 habet

56 2933 180 3003 tinent,
196 2931 325 3004 nubant,
342 2932 423 3011 quod
437 2931 500 3010 jum
517 2932 727 3002 ostendimus,
745 2931 922 3010 permissio-
967 2942 1070 2997 votum
1086 2932 1305 2998 continentiae,
1322 2945 1383 2992 non
1412 2929 1514 3007 polest
1531 2927 1616 2986 recte
1640 2920 1712 2981 ilici:
1743 2917 1830 2996 Qum

55 3027 209 3088 common
227 3014 328 3094 legem
343 3029 465 3076 sonare.
476 3015 572 3076 lmmo
587 3031 602 3076 a
619 3015 726 3096 majori
742 3013 865 3076 ducitur
876 3031 922 3078 ar·
966 3034 1078 3082 nonse
1091 3018 1242 3089 eontinet,
1255 3013 1370 3089 naban
1385 3011 1502 3074 molins
1514 3011 1559 3070 est
1570 3002 1714 3075 nabere,
1728 3015 1831 3080 qnam

55 3102 238 3170 pumentum
254 3113 262 3155 ι
279 3095 351 3158 daur
368 3098 394 3158 si
410 3144 417 3169 ,
435 3097 487 3159 ubi
505 3105 553 3160 cst
567 3097 709 3160 adulterii
723 3095 920 3176 perieulum,
966 3101 1032 3164 nri.
1049 3099 1120 3164 Nam
1147 3105 1310 3176 utrumque
1333 3099 1380 3158 cst
1408 3094 1520 3156 malum
1537 3135 1545 3158 ,
1573 3094 1604 3150 ιι
1631 3085 1771 3154 nubere,
1801 3088 1832 3143 ct

55 3180 170 3240 l'aulus
186 3195 247 3240 nou
264 3182 392 3257 imperat
407 3195 486 3258 opus
501 3179 675 3262 conjugale,
692 3181 747 3242 sed
764 3181 922 3261 pernitie
968 3183 1014 3248 uri
1028 3202 1037 3259 3
1062 3183 1156 3244 immo
1167 3182 1257 3262 pejus
1270 3185 1317 3241 est
1332 3173 1450 3240 nubere
1468 3169 1638 3252 ,quidquid
1661 3168 1832 3230 reclament

55 3263 156 3403 multia
172 3261 270 3336 magis
285 3277 347 3323 nou
363 3261 526 3342 imperabit
541 3263 593 3325 ubi
609 3269 656 3326 est
667 3262 837 3343 periculum
851 3264 923 3328 soli·
968 3265 1131 3328 aduersarii
1149 3312 1157 3342 ,
1184 3265 1364 3345 praesertim
1378 3262 1430 3336 el,
1460 3272 1537 3337 quae
1559 3253 1653 3316 habet
1667 3253 1767 3312 nolum
1781 3264 1829 3312 so·

62 3361 102 3406 us
130 3343 340 3406 amicationis.
968 3350 1086 3412 lemno,
1373 3381 1374 3384 ,
1487 3369 1490 3376 ι

103 3427 238 3503 Quarto,
255 3428 280 3488 si
297 3427 392 3488 ullurd
405 3427 408 3433 “
420 3433 504 3490 esset
518 3433 719 3507 praecaptum
739 3427 923 3491 matrimonii
1011 3433 1082 3494 llam
1099 3445 1178 3510 quae
1194 3427 1301 3496 irritor,
1318 3430 1371 3489 aut
1389 3439 1449 3486 uon
1463 3423 1571 3501 peceat
1595 3417 1622 3480 si
1638 3415 1718 3477 ustio
1730 3414 1831 3476 solum

57 3509 90 3569 in
109 3509 214 3571 serbis
229 3509 323 3585 Pauli,
339 3509 569 3588 marimeessei
585 3512 614 3572 in
631 3510 693 3572 illis
709 3513 739 3574 i.
755 3511 926 3576 tinniat.
972 3508 1174 3576 tentationem
1192 3510 1345 3590 sign‘illeat
1361 3528 1370 3584 3
1395 3511 1445 3568 aut
1467 3509 1575 3584 peccat
1600 3499 1700 3562 solum
1727 3502 1830 3558 contra

60 3591 136 3652 l’olo
145 3592 296 3672 juniores
311 3592 433 3656 nabere
448 3641 456 3670 ‚
472 3599 502 3655 ιι
517 3594 635 3656 nullum
657 3593 699 3655 ibi
716 3609 787 3656 csse
803 3611 928 3673 praece·
972 3597 1217 3672 temperantiam,
1236 3601 1266 3656 et
1278 3597 1386 3656 conire
1402 3594 1503 3651 votum
1521 3633 1529 3658 ,
1556 3584 1582 3647 si
1597 3581 1832 3644 fornicationem

57 3681 148 3752 ptum
164 3674 254 3736 incilc
281 3676 404 3753 probari
419 3682 532 3754 potest.
550 3678 621 3739 daur
641 3677 671 3738 in
688 3677 796 3756 primis
811 3693 926 3757 pugna·
972 3677 1136 3759 significat:
1150 3669 1229 3755 quae
1246 3691 1316 3738 vero
1334 3672 1422 3736 nubit
1447 3675 1519 3750 post
1541 3667 1681 3729 solemne
1704 3669 1829 3735 volum,

58 3763 108 3818 ιιι
124 3773 194 3818 cum
210 3755 274 3818 illis
289 3757 391 3820 verbis
407 3759 548 3838 ejusdem
564 3761 693 3838 aposloli
712 3761 739 3822 l.
754 3759 926 3823 Corinthi.
972 3767 1080 3840 peccat
1094 3764 1197 3821 contra
1214 3755 1458 3834 temperantiam,
1476 3757 1579 3815 contro
1596 3753 1698 3809 rutum
1711 3753 1742 3807 ct
1757 3760 1830 3805 eon·

64 3839 139 3901 l'olo
157 3855 267 3903 omnes
283 3857 349 3903 esse
363 3843 447 3904 sieta
461 3841 641 3922 meipsam,
659 3843 750 3919 idest,
767 3843 928 3904 contineu-
973 3851 1016 3906 ιιι
1032 3843 1134 3922 ipsum
1151 3840 1351 3920 conjugium,
1383 3853 1452 3899 cum
1478 3834 1536 3898 sub
1553 3831 1679 3893 nominc
1694 3825 1831 3920 coniugii

59 3928 108 3984 les
124 3940 133 3998 ;
150 3923 206 3983 isla
234 3923 317 3988 enlm
340 3924 533 4003 apertissime
559 3932 719 4006 pugnant,
736 3926 803 3988 volo
819 3941 928 3988 omnes
972 3933 1053 4006 tegat
1073 3931 1255 4004 perpetuum
1280 3920 1488 3998 sacrilegium.
1507 3915 1589 3989 Quae
1618 3919 1720 3976 autem
1744 3908 1833 3972 uubrt

52 4005 237 4100 'continere
256 4013 289 4068 ιι
301 4005 368 4068 ιοΙο
382 4009 533 4087 quosdam
546 4009 674 4071 nubere.
688 4008 775 4070 Idem
787 4008 868 4069 enim
882 4015 929 4072 esi
972 4015 1042 4090 post
1056 4013 1159 4069 rotam
1175 4005 1318 4081 simplex,
1334 4003 1384 4064 illa
1396 4017 1501 4064 rorum
1516 3995 1740 4058 matrimonium
1756 4008 1830 4053 con·

58 4105 97 4148 ac
114 4103 140 4148 ει
157 4087 296 4162 diceret,
313 4089 381 4153 ιοΙο
403 4104 512 4153 omnes
538 4092 718 4166 continere,
735 4097 766 4153 ιι
781 4107 841 4152 ιιι
857 4091 927 4164 ιοΙο
972 4091 1187 4159 nutritionem
1204 4087 1409 4165 aliquomodo
1425 4082 1830 4162 magispematauomquae

58 4181 174 4231 omues
190 4172 361 4234 continere.
378 4173 521 4236 lleulrum
547 4173 638 4253 igitur
653 4174 812 4254 aposlolus
825 4173 926 4254 jubet,
971 4174 1148 4244 fornicatur,
1172 4172 1243 4252 quia
1263 4169 1363 4232 reddit
1377 4183 1411 4230 se
1428 4167 1627 4245 impotentem
1652 4159 1689 4221 ad
1708 4172 1832 4222 servan·

60 4254 120 4314 sed
137 4253 278 4316 absolute
293 4261 387 4334 optat,
401 4272 508 4329 unum,
526 4257 617 4333 idest,
634 4273 743 4320 omues
756 4259 928 4331 continere,
972 4257 1046 4321 dum
1058 4261 1172 4328 notum,
1185 4254 1267 4332 quod
1280 4267 1341 4313 non
1355 4249 1436 4324 iacit,
1449 4261 1527 4326 quae
1539 4244 1716 4307 ioruiaatur.

62 4341 95 4398 ei
111 4340 215 4400 tarmen
230 4338 360 4404 alierum
376 4339 521 4418 permittit
540 4339 838 4403 ecdensiullrmitaii
853 4355 928 4482 θυι·
973 4355 978 4362 ·
1014 4339 1169 4408 Secundo,
1184 4337 1224 4406 ei,
1240 4351 1318 4418 quae
1332 4334 1430 4396 virum
1445 4330 1562 4401 habet,
1588 4331 1619 4388 et
1633 4324 1718 4395 sive,
1749 4321 1832 4400 quod

60 4418 207 4490 rundam,
224 4419 314 4494 idest,
332 4422 464 4484 nubere.
478 4420 636 4486 Praeterea
659 4437 720 4485 non
737 4423 837 4485 solum
876 4439 927 4483 au·
973 4422 1026 4485 ille
1041 4417 1190 4500 perpetuo
1202 4422 1349 4497 aegrotet,
1367 4416 1431 4477 sive
1447 4413 1528 4493 quod
1555 4413 1704 4486 perpetuo
1725 4403 1805 4466 absit
1821 4427 1834 4477 ,’

61 4503 113 4561 lus
131 4502 217 4562 dixit:
237 4503 309 4564 Volo
317 4504 469 4584 janianas
482 4506 626 4580 nabere,
644 4505 698 4568 sed
714 4505 809 4566 addit:
826 4503 927 4568 Filios
971 4520 1034 4566 non
1048 4509 1149 4584 potest
1163 4501 1200 4564 ab
1216 4517 1253 4564 eo
1268 4500 1405 4563 debitum
1420 4489 1832 4577 conjugalepetereaiiamsi

60 4599 259 4677 procreare,
276 4587 538 4666 matresfamilias
564 4605 629 4651 esse
644 4591 702 4650 cle.
719 4588 751 4650 Si
762 4603 842 4668 'crgo
858 4603 928 4650 oum
973 4586 1153 4668 grauissime
1168 4591 1284 4654 uratur,
1301 4597 1363 4644 non
1379 4586 1482 4660 potest
1494 4577 1567 4650 dici,
1592 4575 1619 4637 si
1635 4589 1696 4634 non
1708 4587 1743 4632 se
1758 4586 1832 4632 con·

62 4674 117 4726 art:
140 4666 213 4729 Volo
229 4668 379 4745 janianas
392 4669 525 4746 nabere,
542 4671 672 4751 imperat
687 4671 820 4749 nuptias,
837 4671 928 4732 etiam
972 4669 1059 4744 tinet,
1077 4669 1182 4744 nubat;
1198 4667 1309 4730 melius
1324 4670 1372 4728 est
1387 4663 1514 4736 nubere,
1532 4673 1623 4737 quam
1639 4653 1761 4718 uri.Sed
1778 4667 1834 4747 na·

62 4765 138 4810 eum
153 4749 195 4811 ιιι
209 4751 277 4814 volo
293 4767 345 4816 eas
358 4751 441 4832 ilios
452 4767 642 4833 procreare,
666 4757 695 4816 et
714 4754 928 4832 monostemi·
973 4751 1110 4815 cessario
1124 4750 1288 4814 dicendum
1304 4747 1348 4810 illi
1364 4751 1458 4820 estut
1472 4747 1571 4807 servet
1585 4739 1683 4801 fldem
1694 4743 1829 4815 conjugi,

62 4833 128 4894 lias
144 4849 233 4903 esse,
250 4834 379 4914 imperat
392 4882 399 4904 ,
414 4843 444 4912 ul
460 4836 576 4899 liberos
590 4837 739 4911 habeant,
757 4835 886 4916 proinde
901 4834 929 4898 si
973 4841 1004 4896 et
1016 4833 1208 4897 orationibus
1223 4839 1253 4895 ct
1270 4830 1399 4912 jejrruiis
1414 4838 1533 4910 pugnet
1545 4829 1648 4886 contro
1661 4819 1828 4882 ustionem.

60 4913 190 4976 steriles
204 4917 339 4998 luerint,
357 4919 528 4998 peccabunt
546 4919 579 4982 iu
594 4918 794 4998 apostolicam
810 4919 926 5000 legem.
972 4916 1007 4979 ld
1023 4917 1105 4997 quod
1131 4933 1170 4978 uc
1192 4913 1357 4978 adversarii
1387 4912 1511 4992 quidem
1531 4919 1645 4985 negare
1670 4901 1831 4994 auderent3

62 4997 153 5071 Quod
170 5013 246 5060 sane
262 5015 353 5062 nemo
369 5002 429 5086 uisi
445 5003 557 5064 stultus
574 5001 771 5065 concederet.
971 4999 1036 5064 Non
1055 5000 1147 5080 igitur
1161 4998 1320 5078 apostolus
1335 5011 1370 5058 ea
1386 4993 1476 5056 rerba
1497 4990 1572 5054 dixit
1587 4986 1738 5049 'omnibus
1756 5028 1763 5056 ,
1780 4997 1832 5060 nur

103 5079 194 5142 Addo
209 5082 315 5146 ultimo
336 5084 509 5146 testimonia
527 5083 666 5174 ,Petrum
682 5083 842 5147 dalocum
859 5077 924 5164 nal·
971 5088 1112 5155 uruntur,
1129 5081 1183 5144 sed
1200 5080 1301 5143 solum
1316 5079 1365 5151 iis,
1382 5077 1434 5156 qui
1449 5073 1540 5138 soluti
1555 5119 1562 5144 ,
1579 5085 1615 5132 ao
1630 5068 1720 5163 liberi
1733 5073 1827 5128 suut:

63 5162 138 5224 darn
156 5163 264 5226 illum:
285 5164 428 5242 erinon
449 5183 483 5240 se
498 5168 684 5242 continent,
700 5166 925 5247 nnbant,jam
972 5172 1003 5227 et
1023 5164 1050 5228 si
1066 5163 1331 5243 ligaticcnseutur
1344 5161 1379 5233 ii,
1401 5158 1453 5239 qul
1479 5157 1572 5218 bilem
1597 5151 1721 5232 conjugi
1737 5149 1831 5210 dede·

41 5323 48 5342 ι
64 5246 239 5309 audivimus
251 5249 476 5312 l'beodoreium
490 5250 529 5311 ita
546 5256 760 5330 exponentem,
778 5251 860 5312 nulla
876 5249 926 5312 lex
971 5253 1054 5319 runt,
1070 5263 1126 5308 eur
1146 5261 1209 5308 non
1222 5245 1255 5318 ii,
1272 5244 1323 5321 qui
1337 5241 1490 5305 dederunt
1503 5236 1592 5300 beo?

65 5329 232 5406 prohibet,
250 5348 311 5410 nuo
336 5332 440 5394 minus
463 5332 690 5398 matrimonium
716 5332 901 5394 contrahatis
915 5348 924 5409 3
1013 5328 1125 5402 Tertio,
1141 5345 1178 5392 ex
1194 5327 1330 5389 l'atribus
1345 5321 1558 5387 sdmhrosius
1572 5317 1609 5380 ad
1627 5316 1775 5397 virginem
1788 5315 1831 5376 la·

66 5411 150 5504 quod
167 5413 248 5476 idem
265 5420 295 5476 et
309 5415 358 5475 alii
374 5415 614 5478 docentbocum
629 5420 729 5478 autem
742 5415 926 5478 istumzioto
996 5427 1060 5474 sam
1075 5427 1144 5490 cap.
1161 5411 1192 5474 a.
1208 5409 1290 5473 nteit
1303 5407 1435 5489 alianis.
1447 5401 1564 5483 inquit.
1578 5401 1694 5464 melias
1710 5403 1755 5462 ast
1767 5413 1831 5460 na·

63 5495 215 5570 parciores
228 5497 368 5570 nabao,
385 5497 423 5558 ito
440 5497 564 5574 exponit
578 5499 834 5578 chrysostomus:
854 5497 925 5560 l’olo
973 5429 1047 5558 iere
1061 5540 1069 5569 ,
1085 5510 1187 5575 qaam
1210 5493 1275 5556 ari.
1289 5493 1353 5554 Hor
1368 5491 1491 5553 dictam
1512 5487 1557 5549 od
1569 5501 1638 5550 non
1650 5483 1831 5564 pollicitam

67 5579 149 5655 arria
162 5579 255 5658 ipsae
268 5580 431 5644 outonem
447 5579 588 5644 iniraziln
598 5597 672 5644 uero
683 5581 930 5645 matrimonium
970 5579 1123 5658 pertinet,
1139 5578 1185 5640 nd
1195 5576 1347 5640 nondam
1358 5574 1509 5636 celatam.
1522 5569 1786 5647 declamantem
1797 5579 1832 5625 so

65 5663 228 5743 praecipit
243 5666 261 5724 ι
275 5664 366 5727 absit.
386 5664 450 5726 Sed
474 5679 580 5744 nopae
592 5663 750 5743 probibet.
776 5663 816 5724 Et
828 5664 902 5725 inira
918 5681 926 5723 :
969 5661 1144 5740 spopondit
1159 5659 1303 5730 dlrristo,
1320 5661 1350 5721 et
1363 5661 1513 5719 sanatam
1524 5653 1673 5716 uelamen
1687 5647 1827 5726 coemit,

67 5743 218 5814 Prohibet
233 5747 332 5828 ipitrrr
354 5748 397 5811 nd
413 5745 600 5828 larjnsmodi
613 5747 720 5812 videris
737 5793 744 5826 ,
763 5744 929 5830 atqrre'dc·
965 5743 1039 5824 iam
1051 5742 1246 5826 narranaam
1258 5737 1560 5822 immortalitatem
1577 5731 1832 5800 colambriam
