4056 6302
829 331 924 390 stabit
943 332 1066 390 PRIMUS
1724 337 1758 392 ato

67 465 239 548 episeopus,
253 475 283 532 et
297 467 378 550 quod
390 465 504 532 dictum
520 473 567 532 est
580 465 825 542 Petro,omnibus
841 466 924 533 Chri·
970 483 1034 530 rem
1050 469 1150 532 omnis
1165 467 1363 549 antiquitatis.
1379 469 1439 532 llec
1454 466 1530 532 illud
1544 469 1709 532 concilium
1719 467 1774 540 leit
1786 470 1829 534 te-

66 549 169 612 stianis
186 567 258 614 esso
274 551 410 626 dietum3
428 553 454 612 is
469 551 676 615 demonstrare
698 550 841 624 debebit,
858 551 925 632 qui·
971 551 1122 630 gitimum,
1140 559 1172 614 ot
1187 553 1436 631 supradiximus.

67 649 133 694 narn
148 633 211 696 sint
225 631 282 706 illi,
295 637 346 714 qui
360 636 390 696 in
405 635 537 697 Ecclesia
550 635 786 696 dicunturores.
797 633 827 696 Si
841 635 924 696 enirn
1010 633 1121 710 Quarto
1133 636 1276 714 probatur
1287 636 1468 714 rationibus3
1485 651 1553 696 nam
1569 633 1721 712 inprimis
1736 651 1829 714 neqn-

66 731 171 780 onrnes
186 716 250 780 sint
265 723 405 796 pastores
419 762 428 792 ,
444 717 496 778 ubi
511 717 608 780 ores?
633 713 721 790 Quod
748 709 775 778 si
798 715 921 794 quidam
969 715 1008 778 tia
1024 716 1233 782 ecclesiastiea
1250 726 1278 780 et
1294 719 1416 797 publiea
1431 763 1438 792 ,
1455 735 1472 782 a
1488 717 1628 796 personis
1644 718 1830 782 eeclesiasti-

66 803 134 858 sunt
149 807 301 878 pastores,
318 799 410 874 idest,
423 798 605 878 episcopi,et
617 799 738 878 quidam
752 815 835 867 ores,
846 799 925 860 idest
969 799 1014 876 cis
1030 804 1059 861 ct
1072 801 1205 878 publicis
1219 802 1373 866 tractanda
1389 808 1472 874 sunt,
1490 808 1522 863 ut
1538 807 1642 862 notram
1660 807 1706 862 est
1723 819 1731 876 ;
1754 801 1829 864 tales

65 881 177 942 laiciet
190 882 248 944 soti
264 889 404 962 pastores
418 883 447 943 in
462 881 601 944 conciliis
618 881 782 944 conuenire
797 881 923 956 debent,
970 889 1072 944 cautem
1087 881 1145 946 soli
1160 888 1230 945 sunt
1245 883 1394 962 episcopi.
1408 883 1543 954 Deinde,
1560 881 1586 944 si
1609 897 1717 944 orunes
1734 883 1831 946 borul-

65 971 97 1024 ut
111 961 269 1036 deliniant,
293 983 370 1044 quae
383 967 443 1028 sint
458 964 537 1028 bona
550 981 675 1045 pascua,
690 981 767 1044 quae
783 981 853 1026 roro
870 981 924 1024 no·
971 981 1027 1026 nes
1041 965 1121 1048 docti
1138 965 1253 1028 admitti
1269 966 1434 1040 deberent,
1459 966 1506 1028 rei
1533 982 1698 1046 numquam
1724 971 1832 1028 essent

65 1047 123 1122 sia3
139 1054 223 1110 certe
238 1049 389 1128 sequitur,
406 1063 466 1109 uon
482 1046 628 1110 laieorum
641 1093 650 1122 ,
664 1049 719 1108 sad
731 1047 926 1110 sacerdotum
970 1048 1098 1109 concilia
1116 1049 1267 1126 gerreralia
1283 1095 1291 1122 ‚
1308 1049 1377 1126 quia
1403 1047 1451 1110 ris
1472 1052 1600 1127 possent
1625 1062 1735 1136 nrrrrnes¹
1749 1049 1829 1120 docti

66 1145 133 1190 esse
149 1122 292 1192 concilia.
308 1130 406 1202 Adde,
423 1131 504 1207 quod
521 1129 680 1209 Philippus
695 1128 726 1193 in
743 1129 841 1192 locis.
854 1147 923 1208 cap.
970 1131 1061 1192 totius
1074 1131 1230 1194 Ecclesiae
1242 1129 1415 1207 eonrooari3
1430 1131 1477 1194 rei
1505 1133 1531 1191 si
1554 1130 1676 1192 landem
1703 1146 1831 1208 conpro-

65 1212 102 1272 dc
117 1228 248 1276 numero
270 1220 540 1284 sacramentorum,
558 1218 587 1275 et
603 1211 743 1276 Caluinus
756 1209 811 1273 lib.
827 1205 858 1274 A.
874 1211 923 1274 ln·
970 1222 1123 1292 gerentur,
1138 1221 1224 1276 esset
1238 1213 1431 1291 impossibiie
1446 1228 1553 1292 rogere
1576 1215 1634 1282 tate
1650 1212 1829 1285 concilium,

65 1291 159 1356 stitut.
176 1312 247 1375 cap.
266 1291 316 1357 li.
332 1293 348 1376 ᾗ
363 1295 414 1358 ub.
441 1301 559 1374 ponunt
584 1293 809 1358 ordinationem
825 1302 924 1372 pasto·
971 1303 1093 1374 propter
1109 1297 1232 1358 rairrniaor
1248 1297 1484 1359 multitudinem.
1498 1294 1657 1358 Praeterea
1670 1301 1741 1356 lunc
1763 1295 1832 1358 siue

65 1393 141 1446 rum,
166 1379 219 1456 qui
231 1376 412 1440 dedicantur
426 1379 462 1440 ad
487 1379 685 1456 pascendum.
704 1378 794 1440 idest.
812 1380 926 1441 docen-
970 1379 1067 1440 dnbio
1083 1379 1188 1458 plores
1214 1386 1319 1442 essent
1334 1380 1366 1440 in
1380 1377 1512 1442 concilio
1537 1375 1710 1452 interiores,
1737 1394 1829 1455 quam

66 1459 134 1520 dum
148 1460 392 1538 populum,inter
403 1467 592 1523 sacramenta
605 1455 925 1538 EcclesiaeEtaperto
971 1463 1160 1538 superiores,
1184 1468 1214 1522 et
1236 1462 1365 1540 proinde
1394 1467 1566 1535 tunerero
1588 1461 1723 1547 uinceret
1739 1459 1836 1540 major

65 1541 135 1602 dicit
151 1540 371 1612 Calvinusboc
385 1551 607 1606 sacramentum
624 1559 685 1604 noa
702 1559 772 1604 esse
788 1560 923 1606 cornrnu‘
972 1544 1122 1609 sententia
1139 1544 1310 1613 meliorum,
1327 1549 1357 1605 et
1372 1543 1403 1620 in
1418 1542 1555 1609 Ecclesia
1580 1543 1760 1620 regeruntur
1784 1559 1835 1605 su·

66 1639 103 1686 ne
118 1623 173 1684 toli
187 1623 359 1700 Ecclesiae,
376 1627 429 1688 sed
448 1633 563 1688 tantum
578 1623 779 1704 quibusdam.
804 1626 855 1706 qui
872 1642 927 1704 per
973 1629 1109 1704 periores
1125 1627 1161 1688 ab
1178 1625 1384 1700 interioribus,
1395 1642 1457 1688 non
1473 1640 1490 1688 e
1506 1623 1668 1694 contrario,
1685 1626 1765 1702 quod
1781 1627 1835 1688 ab·

65 1707 139 1770 illud
157 1707 330 1770 initiantur.
356 1705 485 1770 Proinde
512 1725 549 1772 en
570 1724 676 1770 eorum
707 1709 924 1780 confessione,
972 1709 1184 1778 surdissimum
1201 1715 1258 1771 est.
1282 1709 1358 1772 llam
1370 1708 1397 1771 si
1411 1709 1452 1770 ita
1468 1713 1561 1782 esset,
1577 1701 1835 1785 tuneiaellopos·

67 1787 132 1852 laici
149 1807 215 1852 non
232 1789 362 1852 ordinati
375 1807 437 1853 non
453 1797 525 1854 sunt
539 1797 688 1870 pastores,
705 1791 759 1852 sed
774 1805 846 1854 ores
863 1799 926 1852 tan·
974 1795 1022 1874 set
1035 1809 1116 1854 unus
1132 1793 1287 1872 prinecps,
1303 1793 1333 1853 in
1351 1791 1441 1872 cujus
1456 1790 1587 1870 regione
1598 1790 1638 1850 sit
1653 1790 1833 1866 concilium,

66 1879 137 1948 tum3
154 1888 232 1952 ergo
248 1889 309 1934 non
324 1873 466 1936 conuenit
478 1873 524 1936 eis
539 1875 673 1950 docere,
700 1876 879 1951 praesertim
892 1889 927 1936 ea
973 1872 1101 1936 definire
1116 1875 1263 1953 quidquid
1280 1875 1382 1950 rellet3
1399 1871 1601 1954 possetenim
1616 1870 1757 1939 facillime
1773 1873 1836 1936 eol·

64 1953 254 2028 auctoritate,
273 1962 305 2018 rrt
319 1955 359 2016 sit
374 1956 405 2018 in
421 1955 573 2020 conciliis.
613 1956 617 1967 “
677 2013 680 2020 ,
815 2027 850 2038 „¹
972 1952 1576 2036 lipereumnespresbyterosetdoctos
1603 1953 1836 2026 hominossuae

101 2037 253 2100 Probatur
277 2039 436 2114 secundo,
453 2033 634 2112 testimoniis
659 2041 804 2102 aeterum.
830 2037 927 2100 Prima
974 2039 1158 2118 prouinciae.
1175 2047 1206 2102 et
1220 2039 1385 2102 concilium
1401 2038 1596 2100 introducere
1613 2037 1655 2109 id.
1672 2038 1755 2113 quod
1773 2053 1835 2100 non

64 2119 192 2182 coneilio
210 2111 243 2182 in
265 2115 405 2184 Ecclesia
419 2122 572 2186 celebrata
591 2121 714 2200 ruerunt
730 2127 866 2200 tempore
881 2119 929 2182 ti-
973 2128 1103 2199 possent
1121 2119 1170 2184 aiii
1197 2121 1352 2201 principes
1365 2169 1376 2197 ,
1391 2124 1442 2199 qui
1457 2121 1550 2198 longe
1565 2119 1722 2181 obessent.
1746 2119 1839 2186 lleni·

64 2201 155 2264 eloris
172 2218 282 2280 papae,
299 2219 392 2284 super
403 2205 583 2283 quaestione
599 2204 815 2286 paschalique
832 2204 869 2268 lis
884 2206 929 2266 sic
975 2221 1046 2283 quo,
1064 2205 1145 2266 uuila
1162 2210 1209 2266 est
1223 2204 1490 2282 respublicaquae
1505 2204 1622 2276 ratione
1639 2203 1768 2274 naturali
1783 2203 1839 2264 do-

63 2279 199 2363 loquitur
215 2285 370 2348 Eusebius
384 2287 439 2348 lib.
455 2286 486 2348 5.
499 2287 570 2349 bist.
588 2304 655 2368 cap.
682 2285 733 2348 23.
763 2285 804 2350 Ob
829 2303 930 2366 quom
974 2293 1074 2361 cente,
1090 2303 1150 2348 non
1164 2286 1273 2348 babeat
1287 2287 1421 2367 aliquem
1437 2285 1577 2347 ordinem
1593 2284 1622 2363 lp
1636 2283 1780 2356 comitiis,
1795 2283 1836 2346 itu

64 2383 228 2442 coissent,
246 2368 533 2448 inquiteonaentus
555 2371 788 2450 episcoporum,
812 2377 841 2432 et
855 2386 930 2432 con·
976 2374 1008 2432 ut
1023 2385 1082 2432 uon
1098 2369 1284 2448 quicumque
1312 2370 1350 2432 de
1366 2369 1482 2447 plebe,
1508 2368 1564 2428 sod
1591 2371 1709 2435 tantum
1725 2367 1837 2443 prinei-

64 2451 143 2512 eilio
156 2466 215 2528 per
227 2449 377 2532 mapulas
391 2468 537 2544 quosque
549 2453 737 2534 procietcies
752 2468 930 2516 oonoocao·
975 2467 1032 2531 pes
1057 2457 1087 2514 et
1108 2450 1206 2532 capita
1232 2456 1449 2527 caeterorum,
1478 2450 1581 2514 locum
1605 2455 1637 2510 ct
1658 2448 1838 2529 suffragium

65 2539 133 2595 tur.
149 2531 230 2596 llaec
244 2533 308 2596 ille.
323 2533 379 2606 Oui
396 2551 456 2597 non
472 2536 648 2612 quorumvis
660 2533 857 2604 eruditorum,
874 2536 928 2597 sed
975 2535 1121 2598 babeant.
1680 2562 1683 2570 ·

64 2619 283 2694 episcoporum
300 2615 567 2697 diciteongregala
595 2633 664 2680 esse
686 2618 826 2679 coneilio.
844 2616 930 2692 Quod

67 2697 151 2758 idern
168 2699 282 2762 docent
295 2695 464 2780 Cyprianus
478 2700 509 2762 in
526 2699 610 2763 initio
626 2701 774 2778 epistolae
789 2700 824 2760 ad
840 2699 931 2778 luba-
1316 2764 1319 2770 ,

65 2781 133 2860 jan.
149 2779 287 2844 lliiarius
302 2781 357 2844 lib.
374 2783 412 2844 de
424 2783 561 2863 spnodiS,
577 2783 753 2846 Ambrosius
771 2782 860 2860 epist.
878 2783 931 2844 32.
1141 2805 1143 2810 ’
1303 2777 1421 2846 CAPUT
1433 2779 1511 2842 xli.

64 2861 273 2942 tlieranpmus
288 2865 342 2926 lib.
360 2865 390 2928 2.
403 2866 566 2944 apologiae
581 2872 683 2928 eontra
696 2858 860 2928 Rudinum.
874 2867 931 2928 Au·

65 2946 209 3020 pustinus
225 2947 315 3026 epist.
334 2943 584 3026 libbeoepist.
601 2947 650 3012 lb.
667 2955 778 3026 etseq.
795 2947 931 3012 ltullrnus
1095 3005 1099 3012 .
1203 3014 1206 3020 ,
1524 3012 1534 3022 ,,
1617 2997 1641 3016 .-

66 3029 119 3089 tib.
138 3027 191 3090 ld.
208 3030 283 3092 bist.
298 3047 367 3110 cap.
384 3030 414 3094 l.
428 3029 613 3096 Athanasius
628 3031 658 3094 in
675 3031 766 3112 epist.
776 3034 813 3096 ad
829 3032 930 3094 solita·
1068 3029 1244 3098 Solottttlttr
1258 3027 1448 3108 objectiones
1463 3028 1746 3093 ademscrtocnma

67 3111 139 3172 riam
154 3111 246 3172 sitam
261 3121 399 3191 agentes,
416 3115 530 3192 aliique
546 3113 660 3190 Patres
676 3114 728 3194 qui
746 3115 862 3194 passim
875 3130 931 3176 es·

67 3195 666 3274 serunt,conciliacpiscoporumesse.
773 3256 779 3268 ‚
918 3256 922 3271 ,
1297 3265 1299 3270 ,
1580 3249 1584 3258 .

105 3273 269 3338 Praeterea
285 3273 476 3340 Theodosius
488 3277 591 3358 junior
606 3279 636 3340 in
649 3280 740 3358 epist.
757 3277 793 3340 ad
810 3277 931 3357 ephesi·
1018 3280 1055 3342 Al
1069 3277 1212 3358 objicitur
1223 3277 1323 3359 primo
1344 3293 1361 3340 a
1387 3275 1629 3356 protestantibus
1652 3275 1684 3340 in
1707 3276 1837 3350 libello,

68 3371 134 3418 nana
151 3359 320 3437 synodum,
337 3378 414 3440 qaae
430 3368 525 3434 exstat
539 3363 569 3438 io
586 3361 700 3438 hiemo
723 3361 790 3440 ejus
809 3362 933 3424 concilii
978 3366 1028 3442 qui
1044 3363 1233 3436 inscribitur,
1258 3361 1370 3424 Caussa
1394 3365 1454 3423 ete.
1483 3359 1690 3428 testimonium
1715 3357 1840 3431 meae,

68 3457 94 3502 e.
110 3440 162 3502 32.
181 3441 340 3505 tttteitcna
354 3447 409 3513 cst.
426 3443 535 3521 inquit,
552 3460 625 3508 eum
642 3489 650 3516 ,
678 3445 737 3524 qui
751 3460 819 3510 non
842 3445 883 3506 sit
896 3445 934 3508 ia
976 3445 1044 3508 Aet.
1062 3445 1110 3514 li.
1129 3445 1180 3506 abi
1196 3461 1223 3506 s.
1240 3443 1336 3508 Lucas
1352 3445 1483 3522 loquens
1498 3441 1536 3502 de
1551 3441 1650 3518 primo
1664 3441 1797 3504 concilio
1809 3455 1839 3503 a.-

69 3525 186 3586 ordine
206 3525 489 3588 sanctissimorum
500 3527 733 3606 episcoporum,
747 3528 934 3590 ecclesiasti·
978 3530 1178 3607 postularam,
1195 3527 1246 3587 ait:
1265 3527 1488 3590 Consenserunt
1504 3525 1641 3602 apostata·
1661 3525 1842 3588 etsentares

69 3607 110 3666 eis
127 3608 307 3670 iurantiseeri
319 3607 518 3672 tractatibus.
547 3609 706 3672 Pulcheria
731 3627 853 3688 quoque
879 3610 935 3672 iru-
977 3612 1138 3674 ciderede
1151 3609 1244 3672 uerbo
1260 3609 1384 3676 bert
1404 3607 1493 3669 inira:
1510 3608 1614 3678 ,Eune
1626 3607 1752 3686 placuit
1766 3620 1843 3683 epo·

68 3689 202 3764 peratrirr
217 3688 249 3751 in
265 3690 357 3768 epist.
374 3687 412 3754 ad
426 3692 597 3770 Strathum
609 3692 779 3772 Bithyniae,
793 3709 871 3772 quae
883 3693 936 3754 lra·
978 3695 1077 3768 stolis,
1094 3699 1123 3771 et
1133 3691 1315 3754 senioribus
1330 3707 1404 3754 eum
1418 3691 1508 3752 ornari
1522 3690 1679 3767 Ecclesiae
1692 3689 1745 3750 ubi
1761 3689 1843 3748 rido-

66 3773 155 3832 betur
171 3777 246 3834 ante
262 3773 425 3839 concilium
442 3774 700 3848 chalcedonense,
714 3774 861 3860 jussitut
875 3777 937 3847 cle·
980 3793 1060 3838 rnus.
1079 3793 1137 3839 non
1155 3776 1254 3838 solum
1277 3775 1450 3852 apostolos,
1467 3770 1522 3848 sod
1538 3772 1631 3836 etiarn
1646 3771 1843 3850 presbyteros

66 3859 131 3920 nei.
151 3853 301 3918 ntonucbi
321 3861 350 3916 et
365 3855 537 3918 laici.etiam
554 3857 581 3918 ri
595 3858 819 3936 repellerentur
834 3876 849 3918 a
866 3876 938 3920 eon·
984 3852 1014 3922 et
1029 3859 1122 3920 laieos
1136 3859 1164 3918 in
1183 3855 1279 3935 primo
1292 3856 1423 3918 concillo
1439 3854 1588 3916 audiuisse.

66 3937 146 4008 citio,
167 3937 309 4016 exceptis
324 3939 431 4016 paucis
443 3939 597 4016 illis‚quos
608 3939 748 4018 episcopi
762 3957 867 4002 securo
884 3942 938 4002 du·
1023 3939 1255 4018 hespondeorln
1269 3938 1325 4002 islo
1339 3938 1470 4012 concilio
1483 3935 1844 4020 interfuisseapostolos

65 4025 188 4080 ser-arat.
203 4018 238 4078 ln
257 4021 391 4082 concilio
416 4023 668 4094 chalcedonensi,
688 4029 747 4086 act.
766 4025 793 4084 l.
818 4041 885 4086 cum
902 4025 938 4084 ad
983 4028 1124 4102 tanquam
1143 4020 1278 4102 judices,
1295 4022 1331 4084 ad
1344 4020 1566 4088 dehuiendunr.
1578 4021 1777 4098 presbyteros
1792 4035 1847 4079 au·

67 4100 236 4164 llartinum
258 4104 524 4166 archimandritam
540 4106 730 4184 mitteretur,
757 4111 790 4168 ut
804 4105 938 4167 subscri·
985 4113 1043 4168 tern
1060 4107 1097 4166 ad
1114 4105 1362 4180 corisultandum3
1378 4103 1499 4181 plebem
1516 4109 1616 4172 autern
1635 4119 1699 4164 non
1712 4113 1845 4168 essero-

64 4181 164 4246 beret.
183 4185 360 4262 respondit,
377 4203 439 4248 non
452 4203 524 4250 esse
537 4204 639 4264 suurn,
653 4189 708 4252 sed
725 4187 939 4266 episcoporum
984 4195 1080 4250 eatam
1100 4235 1108 4256 ,
1140 4189 1193 4250 sed
1211 4194 1310 4249 tanmn
1332 4186 1467 4248 adfuisse
1489 4193 1519 4246 et
1541 4184 1742 4246 consensisse
1757 4228 1766 4252 ,
1782 4198 1845 4243 non

66 4274 186 4328 tanturn
201 4267 458 4330 subscriberebt
480 4270 511 4332 in
527 4271 635 4332 eodem
652 4271 783 4335 coneilio
798 4287 869 4332 eum
884 4289 939 4350 pro
984 4271 1108 4350 quidem
1121 4270 1372 4342 deliniendo,·vel
1389 4267 1587 4346 disputando,
1601 4267 1655 4334 sed
1666 4272 1781 4328 tantum
1793 4281 1845 4326 au-

68 4349 221 4412 bioseoro
238 4351 382 4412 monaehi
399 4358 429 4414 et
443 4351 512 4418 laici
528 4353 661 4433 ingressi
674 4359 797 4424 essent,
812 4356 940 4432 saepius
984 4355 1109 4424 diendo,
1126 4359 1154 4414 et
1168 4369 1229 4414 non
1246 4351 1461 4426 reclamand03
1485 4349 1565 4429 quod
1589 4351 1628 4410 ita
1650 4363 1721 4412 esse
1739 4346 1847 4424 proba·

66 4431 173 4494 Patres
188 4433 461 4498 clamarunettirte
472 4433 559 4514 soros
569 4435 941 4519 acpecduos,conetltcm
984 4443 1031 4498 tur
1043 4434 1218 4514 dupliciter.
1234 4435 1420 4507 Primumer
1435 4432 1659 4494 consuetudine
1675 4429 1846 4496 Ecclesiae.

66 4515 303 4594 episcopocum
318 4521 389 4578 est..
985 4536 1063 4598 quae
1077 4526 1124 4580 est
1135 4517 1250 4596 optirna
1263 4512 1487 4595 scripturarum
1502 4515 1667 4594 interpres
1684 4529 1754 4574 narn
1779 4528 1849 4574 curu

105 4597 216 4658 Tertio
234 4598 433 4675 probatores
456 4600 595 4662 conciliis
606 4600 756 4664 haetenus
766 4599 939 4663 celebratis:
985 4601 1016 4664 in
1033 4602 1176 4663 omnibus
1191 4599 1426 4677 conciliis,quac
1449 4603 1519 4675 post
1533 4596 1849 4674 apostolicalempora

67 4695 137 4738 nana
156 4682 303 4742 omnium
319 4682 519 4746 conciliorum
536 4684 656 4746 decreta
672 4683 710 4745 ab
723 4684 878 4761 episeopis
893 4700 942 4745 so·
982 4691 1058 4762 ,sant
1073 4683 1324 4758 celebrata,bunc
1337 4681 1677 4752 ordinemqbserratum
1688 4691 1847 4740 csse-cou-

69 4765 106 4822 lls
123 4761 208 4824 irreta
226 4779 310 4834 esse,
324 4769 405 4842 patet
420 4783 456 4828 ex
469 4765 762 4844 subscriptionibus.
775 4766 896 4846 ubique
911 4781 942 4831 e·
987 4772 1057 4842 stet,
1076 4773 1106 4825 nt
1122 4765 1180 4826 soli
1203 4765 1342 4843 episcopi
1356 4763 1467 4826 tuerint
1479 4762 1852 4840 judiceslicetpracsen·

68 4843 131 4904 nirn
149 4843 355 4908 inueniuntur
370 4849 427 4909 soli
444 4847 583 4928 episcopi
605 4847 841 4928 subscripsisse,
855 4865 943 4910 eree·
988 4854 1035 4910 tes
1047 4847 1199 4912 adiuerint
1215 4847 1299 4910 multi
1316 4845 1378 4918 alii,
1395 4846 1443 4908 rol
1458 4844 1575 4916 elerici,
1593 4844 1646 4904 rel'
1657 4842 1743 4922 laici,
1767 4840 1850 4902 idem

69 4929 128 5004 ptis
147 4929 262 5010 paucis
277 4929 487 5008 generalibus,
517 4931 636 5010 qulbus
659 4932 823 5010 imperator
852 4933 941 4992 etiam
988 4932 1111 4994 omnino
1129 4929 1160 4991 in
1174 4930 1343 5009 apostolico
1359 4927 1490 4990 concilio
1506 4933 1658 4988 serratum
1687 4939 1759 4986 esse
1785 4937 1850 4989 ere·

70 5005 274 5088 subscripsit,
291 5011 345 5072 sed
362 5012 419 5072 alia
436 5013 541 5092 torma,
556 5031 647 5094 quum
664 5011 942 5092 episeopiEpisco·
988 5014 1234 5077 deredebernus.
1257 5012 1340 5082 lieo„
1352 5011 1433 5072 enirn
1461 5009 1599 5070 Ecclesia
1629 5006 1772 5070 universa
1790 5051 1798 5076 ,
1815 5019 1852 5065 ae

69 5093 96 5170 pi
114 5091 209 5154 enim
224 5091 402 5156 definiendo
419 5099 450 5155 ut
460 5095 798 5176 judiees-,imperatores
813 5112 942 5158 consen·
988 5095 1165 5174 praesertim
1182 5095 1288 5174 primis
1304 5094 1365 5156 illis
1379 5092 1578 5171 temporibus
1593 5089 1634 5152 ab
1646 5089 1854 5168 apostotorum

70 5177 179 5238 tiendo
195 5174 462 5257 subscripserunh
479 5185 507 5240 et
522 5180 704 5260 quibusdam
721 5180 810 5242 etiarn
824 5181 943 5258 paucis·
971 5179 1128 5256 'exemplo
1144 5185 1175 5260 et
1191 5179 1354 5240 traditione
1368 5175 1576 5238 discessisset.
1846 5251 1853 5262 ι

68 5259 160 5321 simis
181 5305 192 5334 ,
218 5263 252 5318 ut
266 5257 441 5333 florentino,
460 5261 642 5340 lateranensi
657 5269 687 5324 et
699 5261 945 5340 tridentinoqui·
1029 5261 1161 5336 belnae,
1177 5261 1236 5338 boe
1252 5260 1335 5322 idem
1348 5257 1464 5336 esipso
1481 5261 1628 5319 contestu·
1647 5256 1855 5340 demonstrari

69 5341 128 5402 bus
146 5339 410 5420 subscripserunt
425 5341 551 5406 abbates
572 5351 603 5406 et
616 5344 777 5424 generales
790 5343 943 5408 cratinum.
989 5348 1102 5422 potest:
1121 5343 1281 5420 namqnod
1298 5341 1428 5420 apostoli
1444 5345 1474 5404 et
1489 5338 1659 5424 presbyteri
1672 5343 1788 5398 tanturn
1804 5349 1855 5394 ro·

68 5421 207 5498 Caeteri,
225 5424 365 5501 quumvis
380 5424 487 5506 optimi
502 5433 533 5487 et
553 5427 720 5489 doctissimi
737 5434 943 5500 essenenurn·
991 5426 1049 5488 cati
1066 5427 1225 5504 sintpqtet
1240 5442 1276 5486 ex
1292 5423 1426 5502 eo,quod
1443 5421 1485 5483 ibi
1501 5421 1623 5483 dieitur:
1631 5419 1857 5486 Convenerunt
1905 5453 1911 5468 ·

69 5523 165 5582 quam
183 5514 260 5568 sunt
274 5507 412 5584 admissi,
426 5508 485 5570 nisi
502 5508 539 5571 ud
553 5511 799 5580 consultandum,
818 5516 945 5592 excepto
992 5510 1129 5588 apostoli
1144 5516 1172 5570 et
1183 5509 1324 5571 seniores
1338 5507 1446 5578 uidere
1458 5505 1498 5568 de
1508 5503 1603 5568 aerbo
1618 5503 1689 5579 boe;
1706 5499 1759 5596 ubi
1774 5498 1858 5563 nulla

70 5590 213 5652 concilio
228 5588 409 5667 basileensi,
426 5591 477 5654 ubi
492 5591 662 5673 presbyteri
674 5593 802 5672 admissi
823 5594 946 5656 suntad
994 5594 1108 5654 mentio
1124 5593 1163 5654 sit
1178 5590 1289 5670 plebis.
1307 5587 1524 5668 Deinde,quod
1540 5594 1598 5648 tarn
1615 5584 1852 5664 aposiolr,quam

71 5670 262 5752 suffragium
278 5671 457 5750 decisirum,
474 5676 530 5740 sed
547 5692 708 5756 perperam
721 5667 868 5740 et'eontra
886 5687 948 5739 me·
995 5675 1135 5739 seniores
1157 5675 1274 5756 loquuti
1296 5673 1368 5752 siut,
1383 5671 1482 5736 donee
1504 5667 1725 5734 discutiebatur
1740 5669 1859 5728 contro·

142 5769 323 5828 Etutraursr.
338 5769 397 5829 lot.
414 5771 447 5827 ll.
1480 5769 1496 5823 b

20 5877 22 5976 l
