4056 6302
756 397 758 402 -
793 357 891 416 tibuit
910 353 1083 416 secianus
1725 354 1761 412 it

63 489 379 554 otPetmsdcllonte
405 491 505 556 iulib.
534 491 573 555 de
598 495 747 570 potestate
774 495 872 570 papae
900 495 932 553 et
976 489 1115 554 Ecclesia
1127 495 1322 570 congregata,
1335 489 1400 553 sive
1414 489 1579 553 concilium
1607 487 1836 568 generelcper·

62 573 202 635 arenchii.
223 571 406 639 Eranciscus
421 575 586 638 Turrianus
598 574 627 636 iu
644 574 931 652 tribuslibris,quos
976 573 1053 637 tinet
1066 574 1103 635 ad
1119 589 1192 636 oves
1203 573 1324 649 Christi,
1341 574 1388 636 vet
1403 589 1477 650 non3
1490 571 1517 634 si
1532 572 1675 652 pertinet,
1692 578 1766 650 ergo
1779 571 1833 632 Ec*

61 655 101 717 de
115 657 175 717 bac
190 658 370 735 quaestione
398 659 541 735 scripsit;
569 664 600 720 ει
621 657 796 720 εεεεεὶειεε
818 657 883 720 lere
898 673 929 718 o·
977 655 1092 718 clesiae
1106 662 1321 736 congregatae,
1352 663 1382 720 ct
1403 655 1526 720 concilii
1554 653 1713 738 generalis!
1732 657 1841 732 pastor

61 753 155 801 annes
171 740 201 798 iu
217 755 285 817 cap.
302 738 519 819 Claudioque,
536 742 575 803 de
589 741 754 816 electione3
771 745 800 804 ct
815 756 884 804 can.
898 739 930 803 Si
976 743 1025 801 est
1038 738 1156 814 Petrus3
1173 739 1199 800 si
1215 754 1274 800 noa
1288 741 1508 818 pertineterqo
1519 736 1679 800 Christiani
1692 751 1748 814 per
1762 749 1836 796 cen·

60 838 154 898 papa,
171 822 243 884 dist.
259 821 311 885 iti.
326 821 460 886 ioannes
471 821 621 886 latomus
645 821 797 902 Delphius
819 821 874 883 lib.
897 822 929 885 2.
975 821 1184 900 qreqatioucm
1200 821 1347 884 desinunt
1360 838 1431 886 esse
1446 831 1518 885 oves
1533 819 1644 883 Christi
1661 863 1670 895 ,
1692 818 1773 900 qood
1790 820 1839 880 cst

63 904 105 964 de
120 903 273 966 Ecclesia.
289 921 358 983 cap.
376 906 432 968 ult.
448 905 579 968 Thomas
608 904 790 986 Campeqius
815 903 847 966 iu
873 911 930 966 tra·
975 903 1241 966 absurdissimum.

62 991 149 1047 ctatu
165 987 205 1048 dc
219 992 331 1064 potest.
344 991 459 1050 romani
482 987 647 1066 pontilicis,
665 1003 733 1067 cap.
749 987 801 1049 22.
817 993 849 1049 ει
861 1003 930 1069 seq.
1016 987 1159 1048 Secundo
1175 987 1319 1064 probatur
1333 1001 1371 1050 ex
1384 986 1525 1050 conciliis
1541 1003 1550 1063 3
1567 999 1637 1047 nam
1667 981 1835 1046 concilium

63 1068 211 1132 liicolaus
226 1069 383 1132 Sanderus
398 1071 452 1132 tib.
469 1070 499 1132 l.
527 1071 566 1133 dc
587 1070 701 1134 risibil.
729 1070 930 1146 monarchia,
976 1068 1223 1131 chalcedonense
1239 1067 1377 1149 inepist.
1391 1069 1428 1130 ad
1440 1069 1574 1132 Leonem
1590 1067 1713 1129 disertis
1732 1065 1839 1130 ⁴verbis

62 1151 119 1214 ubi
135 1151 199 1232 agit
212 1152 251 1216 de
262 1151 395 1216 concilio
411 1153 643 1229 constantiensi,
659 1170 729 1234 paq.
745 1151 818 1216 eie.
976 1152 1097 1224 latetur,
1110 1152 1273 1214 abennem
1289 1157 1380 1227 caput
1391 1150 1485 1214 luisse
1499 1151 1589 1214 totius
1603 1150 1688 1212 iilius
1698 1145 1836 1220 concilii,

704 1277 709 1290 ‚
979 1235 1061 1310 quod
1076 1232 1132 1296 luit
1146 1234 1280 1296 omnium
1298 1233 1472 1309 maximum,
1489 1235 1562 1296 etin
1578 1249 1638 1313 quo
1653 1237 1713 1294 tote
1729 1229 1837 1293 Eccle·

975 1316 1022 1378 sia
1033 1324 1215 1396 congregata
1230 1316 1489 1394 conspiciebatur:
1508 1314 1628 1391 Quibus
1642 1361 1649 1384 ‚
1673 1315 1784 1392 inquit;
1800 1319 1836 1398 iu

396 1398 515 1465 Cdllll'
528 1399 592 1466 xv.
702 1428 708 1445 ·
975 1399 1109 1480 quidem
1121 1405 1158 1462 ut
1172 1405 1270 1478 capnt
1279 1415 1448 1478 praeeras.
1461 1399 1536 1461 item
1545 1397 1710 1460 conicitium
1725 1395 1835 1473 lugdu·
1855 1425 1860 1436 ·

975 1495 1085 1554 nense,
1103 1488 1136 1544 ut
1156 1482 1284 1544 babetur
1298 1499 1366 1561 cap.
1386 1481 1441 1544 tibi
1456 1480 1659 1560 perient-ura,
1688 1481 1727 1542 de
1742 1480 1834 1540 elect.

162 1565 337 1628 Summum
348 1564 534 1647 peruincere
547 1571 646 1648 eaput
660 1581 727 1630 ease
740 1566 838 1630 totius
975 1564 1008 1626 iu
1019 1563 1050 1626 o.
1067 1570 1152 1628 vocat
1163 1564 1337 1642 pontitleem
1352 1572 1503 1628 rectorem
1519 1563 1700 1627 universatis
1728 1559 1837 1622 Eccle·

411 1649 585 1713 Ecclesiae.
820 1657 828 1678 ·
976 1645 1053 1719 siae,
1069 1663 1129 1710 non
1145 1647 1349 1726 igitursolum
1375 1647 1604 1727 particularium
1625 1644 1834 1708 Ecclesiarum

976 1735 1025 1792 esi
1038 1735 1148 1792 rector.
1163 1728 1307 1793 Similiter
1321 1730 1351 1792 in
1368 1729 1479 1792 concii.
1491 1728 1655 1790 florentino
1676 1724 1835 1788 dessnitum

103 1811 172 1874 lam
188 1827 275 1888 vero,
292 1818 325 1874 ut
339 1812 385 1876 rei
399 1811 510 1876 veritas
536 1812 729 1888 declaretur,
759 1812 934 1876 adleremus
977 1816 1036 1884 est,
1053 1812 1228 1890 pontificem
1244 1827 1314 1876 esse
1326 1813 1418 1875 totius
1432 1812 1590 1876 Ecclesiae
1606 1816 1708 1888 eaput,
1736 1813 1767 1869 ει
1786 1825 1836 1870 ac·

61 1911 100 1955 ac
115 1895 397 1958 demonstrabimus
412 1896 528 1976 aliquot
543 1895 780 1975 propositiones,
803 1911 931 1972 quarum
977 1893 1098 1972 cepisse
1112 1894 1271 1957 chemino
1285 1896 1497 1975 plenissimam
1514 1899 1695 1972 potestatem
1719 1891 1841 1952 univer·

65 1979 147 2039 haee
161 1979 201 2038 sit
215 1981 323 2056 prima.
340 1978 507 2042 Romanus
527 1978 676 2058 perutilem
698 1983 743 2042 cst
755 1981 877 2056 pastor,
902 1983 932 2038 et
976 1976 1074 2040 salem
1089 1976 1259 2040 Ecclesiam
1274 1978 1414 2058 riaqeudi.
1428 1976 1598 2040 Concilium
1610 1973 1840 2038 constantiense
1857 2009 1859 2016 ν

62 2066 165 2137 capiri
178 2077 248 2124 non
267 2061 374 2122 solum
388 2063 535 2124 oninium
559 2061 935 2136 Ecclesiorunaporticu·
977 2075 1059 2122 sess.
1077 2059 1127 2122 15.
1143 2059 1297 2123 damnavit
1311 2060 1562 2123 haeresimloan.
1585 2058 1668 2120 lluss
1692 2054 1838 2130 dicentis,

67 2144 211 2214 luriunt,
226 2145 286 2206 sed
311 2145 410 2206 ctiam
434 2146 530 2206 teitus
552 2144 749 2206 anniversalis
772 2142 935 2206 Ecclesiae
978 2157 1040 2205 non
1056 2141 1532 2223 cssepapamcoputEcclesiae.

63 2225 402 2305 sirnulcanprcpatuc,
430 2243 452 2288 c
467 2227 588 2290 Christo
612 2225 798 2288 immediate
819 2226 935 2288 consti·
1017 2225 1165 2288 Probatur
1176 2226 1263 2288 tertio
1278 2225 1459 2290 rationibus.
1477 2225 1733 2302 erimqpapaast
1745 2236 1839 2283 unum

65 2315 169 2369 ιειεε.
186 2307 267 2370 llaec
291 2316 341 2372 cst
354 2315 459 2371 contra
485 2311 617 2389 primum
636 2309 866 2372 fundamentum
882 2307 936 2369 ad·
980 2314 1083 2386 caput,
1097 2323 1170 2386 erqo
1185 2308 1279 2372 unius
1293 2307 1431 2388 corporis
1444 2317 1548 2387 eaput,
1562 2317 1591 2368 ει
1603 2305 1760 2368 Ecclesiae
1775 2319 1843 2381 par-

64 2390 283 2465 versarierum,
300 2407 378 2468 quac
394 2393 512 2454 ιειεειει
528 2390 652 2470 probata
675 2397 723 2452 est
735 2390 891 2454 fusissime
903 2390 935 2451 in
978 2387 1122 2452 ticulares
1136 2407 1275 2453 seorsum
1291 2397 1501 2470 sumptcenon
1517 2395 1587 2454 suut
1604 2405 1697 2452 unum
1713 2401 1842 2465 corpus;

68 2472 160 2533 lituis
175 2473 214 2534 de
230 2473 387 2550 pontilice,
405 2480 503 2536 tamen
520 2475 611 2537 etiam
626 2474 685 2538 hoe
710 2474 779 2536 loco
804 2474 937 2536 breviter
978 2488 1056 2552 erqo
1067 2489 1145 2552 papa
1161 2480 1209 2536 εει
1220 2480 1312 2554 ceput
1325 2473 1484 2538 Ecclesiae
1507 2472 1701 2536 universalis.
1723 2469 1841 2533 Secun-

64 2556 226 2634 probunda
239 2562 298 2618 cst.
982 2554 1034 2628 do,
1050 2553 1380 2619 Ecclesiauaiversalis
1395 2564 1548 2619 estunam
1565 2571 1679 2634 corpus
1691 2552 1811 2614 visibile
1829 2597 1837 2626 ‚

108 2637 205 2715 igitur
219 2638 366 2715 probatur
380 2638 478 2717 primo
504 2654 542 2701 ex
571 2638 740 2716 Scriptura.
766 2637 873 2701 Petrus
888 2643 937 2699 est
980 2653 1054 2716 erqo
1069 2636 1184 2701 hebere
1199 2637 1292 2702 debet
1306 2655 1402 2702 uuum
1416 2645 1507 2718 eaput
1527 2637 1673 2712 visibile,
1704 2633 1839 2714 alioquin

63 2719 299 2782 tundamentum
311 2719 482 2792 Ecclesiae,
508 2740 525 2784 a
542 2721 662 2785 Christo
686 2720 820 2800 positum
834 2720 936 2795 ,jarria
979 2719 1132 2784 videbitur
1146 2723 1368 2784 monstrumatt
1382 2734 1443 2784 non
1459 2727 1506 2784 est
1520 2719 1636 2798 begere
1651 2719 1732 2780 aliud
1749 2732 1841 2796 quam

66 2802 159 2864 iilud:
179 2803 225 2864 lta
239 2819 272 2864 cs
287 2804 409 2877 Petram,
425 2811 455 2867 et
468 2820 567 2884 ceper
580 2804 802 2884 leucopetram
823 2801 935 2880 aedifi·
979 2819 1179 2882 popam‚erqo
1192 2799 1269 2882 p'apa
1284 2811 1376 2882 caput
1390 2810 1438 2866 est
1451 2804 1543 2866 totius
1558 2802 1716 2865 Ecclesiae
1731 2800 1836 2862 simut.

68 2883 151 2946 cubo
174 2885 357 2948 Ecclesiam
368 2902 487 2961 nicena,
501 2886 606 2948 llatth.
624 2887 673 2948 iti.
690 2885 819 2966 proinde
835 2893 936 2963 caput,
967 2885 1092 2958 .'l'ertio,
1108 2903 1186 2965 papa
1200 2892 1248 2948 est
1261 2885 1455 2949 immediatus
1469 2886 1601 2950 vicarius
1616 2883 1775 2958 Christi‚ut
1787 2885 1849 2944 ha·.

69 2981 106 3032 ac
122 2974 239 3044 pastor.
252 2967 324 3030 liam
336 2969 418 3044 quod
433 2968 527 3032 estin
541 2969 938 3038 domo·lundamentum‚est
979 2967 1069 3031 betur
1083 2968 1113 3030 in
1130 2969 1262 3032 concilio
1287 2969 1474 3048 lugdunensi
1502 2974 1533 3031 ει
1547 2968 1712 3030 florentino
1726 2966 1838 3036 citatis,

68 3051 100 3128 iu
118 3066 253 3129 corpore
268 3059 371 3129 caput,
388 3058 419 3114 ει
432 3052 464 3114 in
479 3067 573 3132 greqe
588 3057 703 3132 pastor.
719 3050 756 3113 Ut
771 3053 854 3114 enim
871 3053 938 3112 tun·
981 3065 1101 3113 necnon
1119 3050 1149 3113 in
1165 3051 1297 3113 concilio
1312 3051 1546 3124 constantiensi,
1569 3066 1650 3112 sess.
1676 3048 1707 3110 8.
1722 3047 1773 3109 εει
1789 3046 1841 3108 da·

65 3133 248 3201 (lamentum
265 3149 325 3196 uun
338 3134 479 3213 pendete
494 3135 596 3210 deuio,
610 3136 784 3198 seddomus
799 3151 814 3194 a
830 3133 937 3196 lunda·
980 3139 1100 3196 iuuatur
1113 3131 1253 3196 haeresis
1276 3133 1392 3196 Wiclell
1406 3134 1548 3204 dicentis,
1566 3149 1675 3212 papam
1696 3147 1758 3192 noir
1770 3145 1842 3193 csse

63 3221 184 3293 mento3
199 3216 238 3278 ita
251 3216 342 3279 etiam
356 3223 449 3294 caput
463 3233 523 3279 uon
540 3217 655 3296 pendet
669 3234 685 3276 a
700 3233 828 3296 corpore
844 3262 853 3290 ,
880 3215 936 3278 sed
981 3215 1190 3279 immediatum
1207 3215 1318 3279 Christi
1334 3214 1492 3280 ricarium.
1508 3215 1614 3296 Neque
1629 3215 1659 3277 id
1675 3212 1842 3276 adversarii
1897 3213 1905 3230 ⁸

64 3313 182 3376 corpus
198 3315 214 3358 a
230 3301 341 3377 eapite,
355 3305 386 3360 et
399 3304 504 3378 pastor
518 3317 579 3362 nan
601 3301 716 3378 pendet
729 3316 745 3360 a
757 3314 862 3378 grege,
880 3298 936 3361 sed
981 3305 1118 3376 ueqau13
1134 3313 1208 3377 ergo
1231 3303 1354 3377 praeest
1377 3297 1418 3362 iis
1439 3299 1582 3363 omnibus
1607 3297 1676 3362 loco
1699 3295 1809 3358 Christi
1829 3339 1837 3367 ,

63 3396 137 3456 qrea
155 3397 173 3442 a
189 3387 324 3459 pastore.
337 3379 424 3455 Quod
438 3389 541 3445 autem
562 3397 619 3460 per
628 3381 799 3445 Ecclesiam
815 3397 853 3444 eo
868 3382 936 3444 loco
981 3380 1094 3459 quibus
1109 3379 1246 3443 Christus
1257 3380 1325 3460 ipse
1346 3381 1540 3451 invisibiliter
1556 3385 1676 3460 praeest
1693 3424 1701 3453 ,
1728 3384 1759 3442 et
1773 3377 1841 3456 qui-

64 3461 257 3541 inielliqatur
270 3463 408 3526 Ecclesia
423 3464 618 3538 universalis,
635 3464 726 3528 ctiam
739 3471 935 3544 congregata,
980 3463 1040 3526 bus
1056 3464 1145 3526 etiam
1161 3470 1320 3542 praeesset
1333 3464 1508 3537 risibiliter,
1534 3465 1561 3525 si
1576 3463 1738 3526 visibiliter
1752 3460 1842 3522 ados-

64 3552 96 3610 ει
111 3552 163 3608 εει
177 3547 324 3624 generate
339 3547 516 3622 concilium,
533 3546 678 3625 probatur
692 3563 730 3610 ex
745 3563 812 3624 cap.
830 3547 934 3610 llatth.
978 3553 1037 3609 set:
1054 3545 1193 3609 Christus
1206 3553 1308 3610 eutem
1330 3554 1464 3626 praeest3
1480 3551 1511 3610 ει
1526 3550 1685 3624 praeesset
1711 3542 1838 3606 visibili·

66 3627 115 3688 18.
134 3627 189 3690 εει
205 3629 245 3691 de
260 3629 368 3692 eadem
393 3646 448 3691 sua
474 3628 613 3692 Ecclesia
636 3628 776 3692 Christus
798 3629 883 3690 dicit:
901 3629 938 3692 sa·
981 3635 1039 3701 ter,
1054 3629 1080 3690 si
1092 3629 1215 3692 adesset
1228 3629 1401 3700 visibiliter,
1418 3645 1480 3692 nou
1494 3631 1594 3693 sulum
1611 3626 1758 3691 Ecclesiis
1775 3640 1842 3703 par·

65 3727 118 3772 εεε
130 3726 205 3772 nora
215 3712 369 3792 auderit,
383 3712 436 3774 dic
446 3712 621 3776 Ecclesiae.
636 3711 702 3784 uuo
716 3712 786 3774 loco
802 3727 857 3788 per
877 3711 933 3774 Ec·
980 3710 1171 3782 ticularibus,
1188 3711 1242 3772 sed
1260 3711 1349 3774 etiam
1377 3713 1430 3774 toti
1445 3710 1605 3774 Ecclesiae
1621 3709 1796 3780 universali,
1811 3713 1843 3768 et
1883 3719 1887 3725 ·

64 3793 195 3856 alesiam
212 3792 388 3874 intelligunt
414 3794 579 3858 adversarii
600 3794 744 3872 generale
759 3793 937 3857 concilium.
980 3792 1176 3870 generalibus
1191 3792 1356 3868 conciliis;
1383 3794 1477 3874 igitur
1501 3796 1593 3859 ctiam
1617 3809 1693 3874 papa
1717 3797 1839 3872 praeest

109 3876 278 3938 Praeterea
293 3877 432 3940 Ecclesia
455 3873 652 3955 conqreqata,
679 3877 743 3938 sive
769 3876 935 3939 concilium
979 3875 1137 3940 Ecclesiae
1150 3875 1328 3940 universali.

66 3957 287 4037 propriissime
300 3965 346 4022 est
360 3959 501 4022 Ecclesia
517 3957 630 4022 Christi
644 4005 652 4032 ‚
668 3964 703 4022 ut
716 3959 805 4022 ctiam
831 3960 937 4022 adver·

67 4041 143 4104 sarii
159 4042 421 4104 conceduntmam
437 4041 577 4104 Ecclesia
592 4048 640 4105 est
653 4039 849 4122 congregatio
861 4041 936 4104 tide.-

66 4124 156 4196 liuro,
170 4139 245 4203 erqo
262 4140 323 4204 quo
345 4123 444 4204 magis
472 4123 582 4196 fideles
611 4130 683 4188 sunt
703 4127 878 4204 congregati
904 4131 936 4188 et
1295 4122 1415 4188 ChPllT
1436 4126 1513 4188 livi.

67 4207 160 4278 uniti,
177 4222 216 4268 eo
233 4206 333 4285 magis
348 4206 473 4286 proprie
488 4212 561 4270 sunt
571 4203 708 4270 Ecclesia
726 4224 735 4284 3
765 4213 796 4269 at
809 4207 936 4270 stultum
1014 4245 1019 4252 -
1476 4236 1480 4244 1
1619 4210 1621 4216 ‘

66 4295 124 4362 est,
143 4305 217 4350 cum
232 4287 348 4368 aliquid
359 4289 400 4352 de
413 4289 473 4370 alio
485 4289 625 4352 absolute
638 4288 866 4370 pronunciatur,
883 4304 934 4351 ex·

68 4373 176 4451 cipere
190 4371 234 4447 id,
248 4373 331 4450 quod
346 4371 562 4451 propriissime
572 4387 629 4450 per
643 4372 718 4434 illud
734 4370 934 4450 signillcatur.
1038 4374 1111 4436 lien
1122 4387 1188 4435 esec
1201 4373 1240 4435 iu
1254 4372 1390 4436 coemite
1404 4389 1568 4438 succuram
1581 4378 1782 4454 potestatem.

65 4455 147 4533 Ergo
164 4453 593 4534 curaubrtsiusdictesnpcr
606 4453 933 4534 houcpetramucda'·
1377 4492 1384 4506 -

65 4536 170 4614 ticcbo
186 4535 366 4614 Ecclesium
375 4553 496 4614 mecm,
512 4537 605 4602 stulte
632 4537 779 4615 excipitur
793 4536 932 4602 Ecclesia

68 4617 255 4682 aniversalis
270 4625 480 4700 congregata,
508 4636 580 4684 cum
602 4635 640 4695 ca
666 4619 877 4702 propriissime
892 4620 933 4682 sit
1017 4617 1062 4682 Sit
1069 4617 1132 4698 iarn
1144 4619 1237 4682 altere
1250 4620 1431 4699 propositio:
1445 4620 1730 4700 Sumnacpoicsias
1742 4621 1838 4683 cccle-

65 4701 225 4766 Ecclesia.
974 4701 1189 4768 siusiicaacn
1202 4707 1247 4766 εει
1259 4703 1297 4766 iu
1310 4704 1464 4778 Ecclesia,
1479 4705 1531 4767 uel
1544 4705 1691 4768 εεεειιιε.
1717 4709 1838 4766 rcnroio

104 4785 260 4864 benique,
273 4781 412 4848 Ecclesia
426 4782 538 4850 Christi
552 4799 675 4864 semper
686 4789 734 4848 eet
747 4789 930 4864 congregata
972 4799 1075 4863 papo,
1092 4793 1150 4847 εει
1169 4786 1370 4862 iomualiim.
1397 4793 1455 4850 aut
1478 4787 1666 4867 srvppbiiuc.
1692 4787 1775 4848 llaec
1790 4792 1839 4848 εει

66 4867 253 4938 iormaliier,
269 4865 339 4946 quie
355 4874 404 4930 est
418 4883 511 4930 unum
524 4884 665 4946 requam,
682 4866 878 4942 cariathitis,
895 4883 929 4929 u·
974 4873 1078 4929 contra
1094 4867 1221 4931 alterum
1250 4868 1480 4932 tundamentum
1507 4871 1775 4941 adversariorum.;
1803 4875 1835 4930 et

66 4965 226 5029 nusgrer,
242 4949 316 5010 licet
336 4949 476 5028 dispersa
497 4951 635 5014 rideatur
659 4957 806 5028 quantum
820 4950 857 5010 vd
883 4949 929 5011 lo·
974 4949 1100 5028 quidem
1120 4965 1182 5014 uon
1205 4966 1275 5014 esse
1300 4950 1466 5015 formaliter
1495 4953 1526 5014 in
1547 4952 1710 5023 Ecclesia,
1740 4952 1788 5012 rel
1804 4951 1836 5016 in

65 5049 148 5094 «aum.
165 5031 273 5112 igitur,
285 5031 313 5093 si
328 5033 464 5112 pontilex
477 5037 525 5095 est
548 5039 652 5113 pastor
666 5039 697 5094 ει
710 5038 802 5110 eaput
823 5031 929 5094 Eccle·
974 5031 1106 5093 concilio
1121 5048 1269 5095 summam
1285 5041 1477 5111 potestatem,
1494 5036 1594 5116 qualis
1615 5035 1705 5098 estin
1731 5050 1808 5112 pape
1825 5079 1834 5108 ,

64 5117 140 5194 siae,
160 5130 224 5177 non
239 5120 322 5176 certe
337 5115 506 5194 dispersae,
523 5131 602 5194 quae
616 5115 700 5190 nulla
713 5121 771 5189 est,
785 5113 840 5176 sed
857 5130 928 5177 con·
975 5129 1013 5177 er
1023 5114 1187 5191 Scripturis
1198 5121 1301 5194 aperte
1313 5116 1551 5194 colligiturllam
1564 5119 1735 5180 secundum
1755 5114 1837 5179 Scri·

65 5202 213 5276 qreqatae
230 5195 389 5260 Ecclesiae
404 5203 453 5262 est
467 5205 570 5276 pastor
598 5203 629 5261 ει
655 5202 758 5276 caput.
775 5196 860 5260 ldcm
876 5197 929 5259 ha·
975 5203 1079 5274 pturas
1094 5197 1231 5260 Ecclesia
1247 5213 1307 5261 non
1324 5205 1372 5262 est
1386 5199 1588 5273 democratia,
1604 5203 1651 5264 vet
1673 5199 1834 5262 aristocra-

65 5283 155 5346 betur
170 5294 210 5345 ex
223 5277 277 5342 iilo
287 5277 376 5342 ioan.
392 5280 449 5344 ult.
469 5279 569 5343 licccc
584 5295 655 5346 cuce
669 5295 772 5344 meae.
787 5279 860 5343 llam
871 5277 929 5342 etsi
973 5277 1027 5352 tia,
1039 5280 1095 5343 sed
1111 5281 1367 5353 monarebie,sive
1381 5295 1510 5360 requam
1526 5281 1649 5355 Christi,
1660 5282 1745 5364 juxta
1759 5281 1836 5344 illud

65 5363 235 5428 :adversarii
258 5362 375 5437 dicunt,
399 5361 564 5426 Dominum
588 5362 714 5428 dixisse:
738 5361 836 5424 Pasce
857 5377 929 5426 occa
974 5363 1084 5440 psalm.
1097 5363 1129 5424 2.
1145 5364 1212 5442 Epo
1227 5368 1337 5426 cutem
1351 5365 1540 5428 constitutus
1554 5382 1628 5428 suaa
1651 5381 1713 5428 rem
1733 5363 1774 5427 cb
1796 5379 1834 5426 ce

66 5462 169 5524 ειεαες
186 5460 250 5508 εεε
264 5443 434 5508 Ecclesiam
449 5461 574 5519 meam,
605 5451 705 5512 umen
731 5443 870 5508 Ecclesia
897 5445 930 5509 in
973 5459 1072 5523 seper
1093 5443 1173 5510 sian
1192 5451 1334 5508 montom
1360 5452 1510 5512 amacium
1534 5447 1615 5528 clau.
1631 5449 1669 5510 Et
1691 5447 1789 5510 Lucae
1804 5447 1832 5508 1,

67 5529 150 5592 iirat.
169 5529 210 5591 de
226 5527 372 5606 poutissce
387 5527 433 5592 sic
446 5528 588 5607 explieat:
601 5526 684 5592 licus
695 5528 841 5592 omnium
852 5525 929 5605 lide·
975 5525 1082 5605 ltepraa'
1092 5527 1161 5608 ejus
1171 5544 1240 5592 non
1253 5531 1315 5592 crit
1327 5526 1414 5608 huis.
1430 5527 1467 5592 Et
1480 5529 1567 5593 loen.
1587 5531 1635 5594 18.
1666 5546 1726 5593 εεε
1756 5529 1830 5592 dirii

67 5615 147 5674 tium
157 5615 271 5690 pacior
285 5615 315 5688 qt
325 5615 441 5687 rector,
458 5610 518 5692 qui
536 5610 804 5688 famulaminum
818 5609 854 5672 lt.
870 5609 928 5672 Ec·
973 5607 1112 5674 Christus
1127 5627 1196 5684 cum
1211 5612 1458 5691 interrogaretur:
1475 5613 1559 5693 Erpa
1573 5631 1636 5678 rem
1651 5630 1683 5677 es
1694 5619 1730 5675 iu
1742 5615 1759 5674 ι
1773 5628 1834 5676 non

68 5696 185 5762 clerice
200 5699 278 5772 tuac
289 5709 441 5774 praecoce
454 5693 596 5770 ειὶιιιδιι.
625 5692 661 5770 Et
675 5700 834 5776 praetcrea
850 5737 858 5770 ,
880 5692 929 5760 vei
973 5708 1041 5759 eum
1064 5709 1127 5771 rex,
1141 5701 1205 5771 aut,
1227 5709 1356 5776 regnum
1371 5710 1473 5789 meum
1489 5713 1551 5760 uon
1567 5704 1615 5762 est
1626 5699 1656 5761 in
1670 5700 1732 5761 boc
1744 5707 1833 5760 mun·
