4082 6300
252 391 303 447 tle
886 391 928 447 ule
947 389 1049 452 dolls
1069 387 1252 452 scelestae

181 523 240 586 bot
248 522 423 598 voluntate,
437 526 534 601 etque
545 521 695 586 omnimo
703 525 849 587 acesinen
860 526 1040 590 cdlldettsl'o·
1090 525 1203 590 cessio.
1220 523 1251 588 Si
1268 521 1451 593 secundum,
1468 516 1707 597 respondemus,
1723 517 1841 598 eosqui
1859 517 1901 582 ihi
1914 520 1955 584 nd

181 622 223 670 mc
233 605 374 684 fimnote,
386 605 612 686 peccatelam
624 607 792 684 opiscopus
806 605 879 684 deri
894 609 1042 682 voluerit,
1089 625 1191 674 noram
1209 607 1377 672 Ecclesiam
1404 603 1579 683 pertinent,
1597 616 1658 694 non
1672 615 1766 679 posse
1782 602 1908 682 quidem
1924 619 1958 666 o·

180 689 258 768 torte
269 687 533 767 tioteccesueest.
549 687 726 750 llisstmilia
743 697 826 764 sunt,
856 701 1043 771 quaesupra
1090 693 1236 756 stendere
1263 688 1494 754 successionem
1527 689 1704 746 continuam
1737 685 1958 765 episcoporum

183 773 344 834 citavimus
358 771 397 834 de
414 768 615 832 successione
637 771 771 850 legitima
789 818 798 847 ,
828 787 865 836 ex
886 773 1041 850 irenaeo,
1091 787 1218 838 suorum
1230 768 1532 851 particulariumsed
1546 782 1639 845 posse
1650 767 1817 829 ostendere
1830 783 1959 830 succes·

183 854 384 927 Tertulliano,
399 850 583 932 Epiphanio,
601 851 709 932 Optato
724 854 948 935 ethupustioo.
1091 857 1212 919 sionem
1228 853 1403 916 continuam
1420 852 1637 930 episcoporum
1652 849 1886 926 uniuersalium,
1905 851 1961 932 qui

223 935 285 1000 Sed
296 935 448 1016 objiciunt
460 935 571 1012 primo,
594 936 732 1015 episcopi
743 935 885 1016 Papistae
899 937 1045 1002 deserue-
1092 945 1165 1002 stant
1181 936 1300 1000 romani
1315 933 1586 1014 episeopi,quibus
1601 932 1646 994 illi
1662 931 1823 1011 subjectos
1838 949 1873 994 se
1889 949 1965 998 esse

184 1016 486 1090 ruulreramlldem,
504 1031 577 1096 orgo
600 1033 661 1082 noo
687 1026 759 1080 sunt
779 1021 1046 1100 ampliusepisea·
1091 1018 1409 1084 latentur.llueeenim
1427 1022 1474 1079 est
1488 1019 1668 1087 caussa-,our
1683 1020 1803 1078 soteres
1818 1014 1963 1096 episcopi

186 1101 240 1180 pi,
264 1115 338 1180 erpo
359 1098 469 1162 merito
485 1107 615 1178 possunt
635 1100 679 1181 pii
700 1102 832 1164 ministri
856 1103 924 1168 loca
939 1119 1045 1166 eorum
1090 1104 1189 1182 magis
1204 1102 1328 1166 solliciti
1345 1100 1458 1166 inerint
1472 1100 1511 1160 de
1527 1095 1729 1160 successione
1744 1099 1863 1160 romani
1878 1115 1958 1179 pon·

188 1197 352 1262 occupare.
765 1217 769 1226 «
981 1209 985 1216 ·
1090 1185 1192 1258 tiliois,
1209 1191 1300 1266 quam
1314 1185 1353 1246 dc
1367 1200 1436 1244 sua.
1452 1181 1600 1244 irenaeus
1622 1184 1687 1242 erut
1701 1181 1868 1260 episcopus
1887 1185 1956 1261 lug-

227 1263 412 1343 liespoedeo
426 1262 463 1334 ad
475 1263 535 1326 hoc
547 1263 661 1328 Brentii
673 1273 886 1344 argumentum
898 1265 1048 1348 (admisse
1091 1271 1242 1332 dunensis
1264 1268 1295 1330 in
1318 1265 1435 1331 Gallio.
1462 1262 1591 1343 Optatus
1620 1268 1653 1324 el
1665 1261 1854 1342 Augustinus
1871 1273 1960 1326 erant

186 1348 270 1425 quod
285 1346 327 1410 sit
338 1346 478 1419 dubium,
495 1347 547 1410 ubi
564 1350 605 1411 sit
618 1364 687 1410 vera
703 1349 792 1424 llrles,
817 1367 1001 1432 quamquam
1017 1371 1046 1411 a·
1092 1350 1230 1431 episcopi
1246 1350 1277 1412 ia
1293 1345 1596 1427 lirica,Epiphaaius
1612 1343 1784 1408 Salamiuae
1798 1345 1830 1408 in
1846 1345 1959 1428 Cypro,

186 1432 248 1510 pud
265 1445 323 1493 nos
345 1431 553 1492 senissimum
569 1435 616 1496 est
630 1437 727 1510 esset:
744 1431 916 1514 Episcopus
943 1434 1047 1496 catho-
1093 1433 1247 1498 Eusebius
1263 1431 1430 1494 Caesareae
1447 1432 1477 1492 io
1494 1426 1675 1501 Palaestina,
1690 1435 1838 1504 ettamen
1854 1432 1961 1494 nullus

186 1516 277 1586 ticos,
295 1512 348 1590 qul
365 1529 420 1592 per
436 1517 478 1574 tot
492 1513 615 1575 saecula
631 1516 838 1592 possederunt
865 1517 958 1580 sedes
975 1531 1048 1578 suas
1094 1531 1199 1579 eorum
1216 1523 1318 1578 texere
1333 1512 1428 1578 noluit
1449 1528 1524 1575 suae
1539 1509 1696 1573 Ecclesiae
1711 1510 1960 1588 successionem,
1993 1505 2002 1530 '

187 1593 329 1674 pacifice,
342 1611 405 1658 aon
420 1610 514 1674 posse
529 1595 575 1658 eis
588 1597 708 1674 privari,
733 1597 792 1660 nisi
807 1599 942 1679 legitime
965 1598 1048 1678 judi·
1093 1599 1148 1662 sed
1164 1615 1308 1662 romonae
1323 1601 1439 1658 uatum
1454 1593 1623 1658 Ecclesiae.
1640 1592 1721 1656 Satis
1736 1593 1900 1659 culmillis
1915 1597 1960 1658 ri·

187 1684 297 1740 centur
312 1683 343 1740 et
360 1679 554 1740 damnentur.
578 1679 648 1740 dam
677 1678 708 1742 io
734 1682 817 1743 omni
844 1680 1051 1744 controversia
1096 1682 1226 1745 debatur
1240 1681 1404 1744 ostendere
1419 1677 1598 1746 continuam
1610 1677 1843 1740 successionem
1859 1681 1889 1740 in
1903 1677 1962 1742 Ee-

188 1758 360 1823 meliorest
376 1759 509 1822 eoudilio
525 1762 727 1839 possidentis.
751 1762 873 1830 Constat
887 1770 1000 1837 autem,
1018 1780 1051 1825 e·
1094 1765 1189 1828 clesia
1206 1762 1389 1845 principali,
1407 1761 1497 1842 cujus
1517 1757 1577 1839 ipsi
1593 1774 1628 1821 se
1644 1760 1780 1822 membra
1796 1775 1866 1822 csse
1882 1779 1958 1842 gau·

188 1841 334 1923 piscopos
346 1841 513 1906 catholicos
534 1859 565 1904 m
581 1844 667 1906 nullo
688 1846 826 1925 legitimo
838 1847 955 1927 judicio
978 1861 1050 1910 esse
1094 1847 1221 1910 debant.

189 1929 360 1987 damnatos.
374 1926 449 2002 Quis
460 1925 543 1989 caim
558 1941 613 1988 eos
628 1929 790 2005 damnavit,
806 1935 927 2007 praeter
940 1931 1051 1990 buthe·
1135 1927 1259 2004 Quarto:
1273 1926 1386 2008 Ohjieil
1402 1926 1485 1990 idem
1500 1923 1653 1987 Caluinus.
1669 1923 1706 1985 ln
1722 1919 1860 1988 Ecclesia
1872 1941 1963 2006 grac·

188 2007 296 2073 rauosi
307 2007 414 2086 hlipsi
428 2015 623 2072 accusatores
644 2019 726 2086 sunt,
744 2028 805 2075 uon
824 2012 959 2093 judiees.
976 2012 1052 2089 Quis
1096 2029 1131 2075 ca
1148 2012 1249 2074 adhuc
1265 2016 1402 2074 serretur
1413 2010 1572 2074 successio
1585 2021 1646 2068 non
1659 2006 1828 2086 interrupta
1840 2010 1962 2088 episco-

191 2093 274 2152 enim
288 2106 344 2152 eos
358 2091 516 2153 constituit
527 2089 649 2169 judices
661 2095 811 2158 nostros?
834 2098 993 2158 Praeterea
1008 2098 1052 2156 et·
1097 2111 1218 2174 porum,
1233 2101 1264 2158 et
1279 2100 1381 2156 tomen
1397 2109 1460 2156 non
1475 2099 1523 2156 est
1536 2091 1588 2153 illa
1604 2105 1672 2152 vera
1688 2088 1839 2164 Ecclesia,
1848 2106 1962 2154 secun·

191 2172 253 2236 iam
264 2173 290 2234 si
302 2174 395 2234 nostri
406 2173 468 2252 jum
484 2174 618 2236 damnali
634 2183 752 2252 esseut,
768 2195 831 2240 non
843 2177 990 2241 continuo
1005 2177 1052 2238 1111
1096 2179 1169 2240 dum
1184 2177 1363 2257 opinionem
1379 2181 1514 2238 nostram
1529 2219 1538 2249 ,
1556 2187 1617 2236 nou
1632 2174 1725 2252 igitur
1737 2175 1899 2236 successio
1915 2182 1964 2236 est

191 2256 373 2330 succedunt,
389 2272 458 2317 eum
481 2272 571 2320 aenio
597 2273 651 2319 eos
666 2260 831 2339 episcopos
859 2259 1050 2332 instituerit,
1095 2260 1167 2324 Nola
1183 2275 1273 2324 verae
1288 2258 1456 2322 Ecclesiae.
1511 2279 1515 2286 ι
1830 2301 1835 2310 ,

191 2339 245 2416 qui
261 2337 402 2401 habuerit
418 2339 598 2402 instituendi
621 2342 787 2421 episcopos
816 2345 1027 2405 auctoritatem
1045 2360 1053 2402 ι
1138 2342 1322 2421 llcspondeo
1337 2340 1548 2420 primumaton
1563 2353 1657 2416 posse
1673 2336 1795 2400 ostendi
1809 2338 1839 2400 in
1854 2338 1964 2402 Eccle-

191 2437 253 2482 aec
266 2420 330 2484 reri
342 2422 403 2482 sint
414 2421 552 2500 episcopi
575 2439 645 2484 eum
667 2440 721 2486 eos
737 2441 827 2488 cremo
845 2426 1029 2488 ordinaverit
1044 2471 1052 2498 ,
1097 2427 1141 2488 sia
1156 2441 1265 2506 graeca
1279 2431 1392 2490 certam
1409 2422 1655 2496 successionem3
1667 2437 1737 2482 nam
1753 2421 1905 2499 imprimis
1917 2421 1961 2484 la·

192 2503 245 2582 qui
261 2503 403 2566 habuerll
413 2503 466 2582 Jus
478 2505 651 2581 ordinandi,
669 2513 702 2568 ul
716 2525 809 2586 supra
826 2509 1031 2570 ostendimus.
1098 2515 1177 2571 tetur
1191 2506 1379 2580 Calvinus,in
1395 2506 1463 2570 lisia
1477 2513 1508 2570 et
1522 2507 1705 2583 Aepyptmet
1716 2504 1846 2578 prolude
1859 2506 1963 2581 latio·

234 2586 389 2668 Secundo:
402 2587 516 2666 objicit
529 2585 671 2650 Brentius
686 2590 812 2664 ibidem,
827 2591 920 2664 idest,
937 2590 967 2651 iu
983 2606 1053 2668 pro·
1096 2591 1207 2662 ahiae,
1237 2589 1468 2669 hierosolymae
1495 2594 1525 2650 et
1546 2585 1744 2650 Alexandriae
1760 2587 1964 2664 interruptam

193 2667 367 2746 lepomenls
381 2677 486 2731 conire
501 2668 623 2732 Petrum
638 2689 654 2732 a
671 2673 755 2735 Soto.
772 2672 908 2752 daipuas·
919 2675 1054 2752 legitime
1097 2675 1195 2738 luisse
1207 2670 1964 2748 successionem3solarestateoustautinopolilaoa

191 2750 488 2829 suecessitantiquis
503 2753 713 2830 parentilloibus,
731 2762 761 2817 et
783 2759 933 2834 potuisset
949 2771 1048 2832 osque
1097 2755 1288 2828 Ecclesiaex
1303 2753 1580 2834 patriarchalibus,
1598 2765 1679 2830 quae
1693 2767 1754 2814 non
1771 2752 1890 2814 ridetur
1905 2769 1963 2816 un·

192 2832 231 2895 ad
247 2832 396 2896 Aaronem
411 2834 566 2898 deducere
580 2837 711 2915 majores
727 2855 812 2914 suos,
830 2847 860 2900 et
876 2837 976 2900 tameo
992 2853 1054 2900 oon
1098 2855 1188 2920 quam
1204 2839 1341 2902 caruisse
1355 2836 1480 2917 proprio
1501 2834 1684 2916 patriarcba.
1701 2834 1738 2896 lit
1752 2835 1964 2896 constentino·

193 2915 348 2993 petierunt
359 2917 500 2994 apostoli,
527 2924 587 2979 uta
604 2916 717 2998 caipha
734 2920 971 2995 ordin·areatur';
999 2913 1055 2982 s'ed
1099 2924 1232 3002 polilana
1248 2921 1387 2984 Ecclesia
1403 2935 1466 2982 non
1481 2926 1529 2982 est
1542 2916 1733 2998 apostolica,
1750 2931 1809 2978 uec
1824 2918 1963 2980 ostendit

193 2997 318 3077 Eaipba,
333 3004 367 3060 et
380 2999 525 3074 omnihus
541 3001 602 3062 illis
618 3003 832 3081 pontificibus,
850 3004 900 3080 aui
918 3003 1053 3084 legitime
1098 3012 1211 3070 certam
1227 3004 1377 3082 originem
1392 3002 1431 3064 ah
1445 3001 1593 3080 apostolis
1606 3017 1616 3076 ;
1631 2998 1763 3062 Tametsi
1778 2999 1861 3062 caim
1878 2999 1964 3064 llice·

193 3080 402 3143 Ssscssssdebissl
417 3081 531 3157 inillis.
548 3083 617 3146 [ticli
633 3093 704 3148 sunt
725 3087 865 3165 episcopi
880 3092 910 3147 cl
932 3084 1054 3164 pontifi·
1097 3091 1214 3167 phoras
1227 3086 1395 3166 patriarche
1409 3081 1652 3162 iaEhroeoiogia
1665 3087 1793 3144 conetur
1804 3082 1964 3145 deducere

196 3169 332 3225 cessino
349 3164 409 3226 ulla
425 3169 648 3240 successione,
666 3184 740 3246 erpo
765 3169 854 3230 etiam
878 3171 968 3230 modo
984 3184 1054 3230 cum
1098 3171 1135 3234 ab
1151 3171 1268 3233 ledaea
1283 3169 1422 3248 apostolo
1436 3167 1670 3231 successionem
1685 3163 1904 3244 episcoporum
1916 3165 1966 3227 Bl-

191 3245 335 3307 ordinerii
358 3246 497 3326 episcopi
521 3250 676 3312 imitentur
698 3251 842 3330 caipham
861 3299 869 3322 .
901 3252 971 3312 licet
985 3251 1053 3312 sine
1099 3253 1201 3323 cantii,
1219 3259 1318 3314 tomen
1335 3251 1411 3314 nulli
1428 3255 1547 3313 veteres
1562 3247 1594 3311 id
1610 3247 1811 3320 trudunt,uec
1827 3261 1966 3327 unquam

187 3341 293 3390 eorum
322 3329 515 3392 ordinatione
549 3338 579 3394 et
611 3335 812 3398 successione
841 3333 1053 3413 episcopatum
1098 3335 1269 3400 al’alrihus
1284 3333 1424 3398 Ecclesia
1439 3332 1614 3404 bizantiae,
1631 3327 1965 3410 sireeonslaulinopo·

188 3418 308 3488 gerbre-
367 3451 372 3460 ι
1098 3419 1190 3482 lilane
1206 3419 1284 3480 dieta
1301 3423 1349 3480 cst
1368 3413 1560 3495 apostoliea,
1576 3417 1608 3476 et
1622 3412 1725 3474 Patres
1749 3412 1874 3476 concilii
1890 3431 1964 3478 eon·

225 3490 422 3572 despondeo:
436 3493 649 3560 Sacerdotium
664 3498 848 3560 duronicum
865 3497 1052 3572 ¹missalem·
1097 3497 1357 3580 slantinopolitoni
1372 3498 1399 3561 1.
1415 3497 1447 3560 iu
1462 3495 1554 3576 epist.
1567 3496 1605 3558 ad
1619 3493 1786 3558 Damasum
1801 3510 1962 3560 romanum

185 3575 314 3654 parale,
331 3581 362 3636 et
374 3580 473 3640 solum
500 3580 629 3644 durasse
646 3597 745 3658 usque
769 3581 807 3646 ud
823 3581 1050 3654 inchoationem
1096 3583 1287 3666 pontificem,
1304 3587 1409 3662 aperte
1424 3577 1742 3649 latentur,Eeolesiam
1759 3578 1842 3640 illam
1859 3580 1965 3642 norel-

186 3659 256 3719 nori
270 3656 621 3743 Testamenli3deineeps
635 3671 737 3726 aulem
750 3665 894 3742 coepisse
904 3664 1049 3726 sacerdo·
1096 3670 1157 3733 lam
1172 3683 1255 3732 esse.
1271 3665 1378 3744 ltaque
1393 3663 1486 3726 habet
1500 3661 1625 3742 quidem
1640 3659 1780 3722 Ecclesia
1794 3667 1964 3724 constanti-

187 3741 261 3801 tlum
277 3742 451 3804 secundum
477 3745 617 3808 ordinem
642 3747 870 3810 dlelolriscdeclr
897 3745 1049 3808 adlrristo
1096 3751 1271 3831 nopolilaaa
1280 3748 1537 3828 qualemcumque
1549 3745 1781 3807 successionem
1794 3761 1810 3804 a
1825 3749 1965 3824 tempore

185 3823 380 3897 institutum,
397 3825 487 3905 cujus
501 3831 665 3892 sacerdotii
685 3845 755 3894 eam
772 3829 1052 3908 primiliae‘lueriut
1097 3831 1286 3898 constantini
1312 3831 1496 3908 hueusque,
1514 3843 1575 3889 non
1598 3833 1699 3888 aulem
1726 3827 1763 3888 ab
1781 3827 1965 3906 apostolicis

186 3906 340 4000 apostoli,
356 3921 418 4000 noa
430 3909 614 3978 ¹debuerant
638 3915 807 3976 succedere
823 3911 978 3989 Caiphae,
994 3914 1050 3976 sed
1097 3916 1300 3995 temporibus,
1317 3913 1398 3992 quod
1415 3910 1580 3990 praecipue
1595 3910 1763 3988 quaeritur.

187 4003 262 4078 esse
273 3991 462 4067 principium
478 3994 548 4056 noui
563 3995 776 4066 sacerdotii,ut
789 4003 872 4074 patet
887 4011 923 4056 ex
937 3994 1048 4073 psalm.
1137 3999 1210 4062 ilico
1227 3997 1594 4074 secundo,argumontum
1609 4008 1626 4054 a
1643 3990 1846 4055 successione
1862 3991 1962 4071 legiti-

187 4069 258 4136 lllb.
277 4070 322 4132 aa
336 4086 369 4133 es
382 4075 534 4142 socordes
548 4078 587 4140 in
601 4083 781 4154 oeternum;
798 4084 828 4140 et
843 4075 1050 4154 exceptae
1096 4099 1143 4144 ma
1159 4080 1270 4144 adlerri
1297 4077 1420 4140 anobis
1446 4077 1612 4155 praecipue
1627 4075 1665 4136 ad
1690 4073 1883 4152 probandum
1900 4091 1964 4136 non

186 4154 355 4216 HebffleOS·
366 4152 451 4218 510111
467 4173 541 4238 θιιιι)
556 4161 595 4222 lb
610 4161 712 4232 Aaron
726 4175 826 4237 usqae
841 4161 878 4220 ad
895 4157 1049 4220 Christum
1096 4180 1167 4228 csse
1182 4162 1370 4233 Ecclesiam,
1387 4157 1439 4222 ubi
1456 4173 1517 4221 non
1534 4164 1582 4221 est
1596 4157 1673 4218 haee
1689 4158 1860 4228 successio,
1877 4159 1963 4236 quod

186 4253 250 4298 nou
264 4236 388 4299 luerunt
401 4237 465 4302 reri
478 4243 670 4314 sacerdotes,
688 4242 747 4306 uisi
764 4243 816 4321 qai
831 4247 1050 4304 successerunt
1096 4247 1219 4326 quidam
1237 4244 1365 4307 culdeos
1380 4247 1450 4318 est3
1467 4257 1505 4320 ex
1521 4255 1582 4318 quo
1599 4247 1699 4302 lamen
1727 4255 1788 4302 aon
1806 4239 1966 4318 colligitur

186 4319 305 4393 boroni.
322 4319 360 4380 ila
376 4319 414 4382 eb
429 4324 576 4400 apostolis
592 4327 742 4406 usquead
759 4324 851 4388 linem
869 4323 973 4387 nitendi
987 4339 1050 4386 uon
1095 4326 1286 4399 necessario,
1302 4325 1345 4387 ibi
1362 4339 1434 4388 esse
1448 4323 1637 4394 Ecclesiam,
1655 4322 1706 4385 ubi
1722 4327 1771 4398 est
1786 4321 1964 4384 successio.

187 4407 279 4462 eruut
293 4401 355 4463 reri
372 4407 625 4482 secerdotes‚nisi
641 4410 692 4486 uui
704 4409 854 4488 apostolis
866 4407 1048 4470 succedent.
1095 4411 1202 4492 ltaque
1231 4411 1291 4472 hoc
1311 4411 1491 4488 argumento
1517 4399 1684 4485 probamus
1700 4403 1882 4478 evidenter,
1903 4420 1965 4466 nort

186 4483 298 4574 l'eram¹
314 4487 414 4546 umen
430 4489 573 4564 estquod
589 4497 622 4551 ut
633 4505 702 4554 cum
715 4493 831 4554 honore
842 4489 1048 4554 secerdotium
1096 4511 1167 4558 esse
1182 4492 1352 4556 Ecclesiam
1368 4489 1449 4570 apud
1461 4486 1752 4562 bulherunos.Quod
1767 4492 1869 4548 autem
1881 4485 1965 4565 apud

189 4567 371 4628 duronicum
387 4566 558 4632 deterretur
572 4573 609 4634 ad
626 4571 960 4652 sepulturam,apostoli
973 4571 1050 4634 illud
1096 4577 1229 4640 Graecos
1245 4590 1306 4637 non
1322 4574 1363 4636 sit
1377 4566 1698 4650 Ecclesia,probamus
1710 4569 1770 4630 alio
1783 4568 1964 4649 modo,quia

189 4646 402 4740 bonolobdltl,
418 4655 451 4710 at
466 4656 548 4728 polet
563 4669 599 4726 en
615 4653 765 4734 Cypriane
789 4657 844 4722 lib.
862 4656 891 4718 l.
910 4653 1001 4734 epist.
1017 4652 1049 4716 3.
1095 4659 1241 4722 nimirum
1255 4655 1387 4720 eenricli
1409 4660 1481 4719 sunt
1497 4652 1634 4734 legitime
1650 4653 1681 4716 in
1700 4651 1798 4714 tribus
1813 4651 1964 4732 plenariis

188 4733 225 4794 ad
242 4728 417 4800 Cornelium
432 4776 440 4804 ‚
458 4739 488 4796 el
514 4733 568 4798 lib.
584 4735 615 4798 l.
633 4737 723 4816 epist.
750 4738 780 4800 E.
797 4740 834 4803 ad
859 4735 1049 4801 Florentium
1097 4741 1251 4810 conciliis,
1267 4738 1465 4809 lateranensi,
1483 4735 1670 4816 lugdunensi
1686 4742 1717 4797 cl
1731 4733 1910 4808 florentino,
1923 4735 1962 4798 de

188 4813 369 4892 Pupienum.
385 4813 439 4875 ubi
454 4815 580 4882 adducit
593 4819 668 4881 illud
684 4835 721 4884 er
736 4818 1051 4885 Acr.es.lleacleoom
1096 4825 1263 4889 schismate
1279 4826 1310 4886 et
1322 4821 1457 4884 haeresi:
1473 4819 1514 4882 le
1530 4818 1695 4898 praecipue
1710 4819 1749 4882 dc
1766 4819 1886 4880 lnaeresi
1905 4819 1965 4880 elr·

186 4895 317 4975 trebes,
334 4897 416 4975 pulo
428 4899 581 4978 prirtcepa
595 4904 800 4966 secerdotum
814 4909 871 4966 cat.
1096 4921 1130 4972 ca
1146 4905 1379 4987 processionem
1394 4903 1526 4981 Spiritus
1542 4901 1639 4964 saneti
1656 4919 1672 4964 a
1688 4901 1873 4980 ltilioqoam
1890 4915 1963 4962 csse

227 4978 340 5040 lertio:
352 4978 474 5060 objicit
489 4977 632 5046 Caluinus
646 4984 702 5047 lib.
719 4985 750 5048 l.
766 4986 866 5050 lastil.
882 4981 1005 5066 cap.2.§
1016 4984 1048 5048 2.
1096 4989 1287 5054 manifestam
1303 4985 1467 5058 haeresim,
1484 4983 1649 5047 butherani
1676 4989 1707 5045 et
1720 4983 1908 5046 Ealrinistae
1921 4990 1965 5045 et·

190 5057 1050 5146 arceornonenumeremusotiamsuccossionesepi-
1097 5070 1367 5134 iameonlltentur.
1550 5103 1553 5108 ·
1734 5133 1737 5138 .

186 5155 351 5238 scaporum
376 5144 516 5220 diricae,
533 5148 659 5230 Aegypti
677 5155 707 5213 et
723 5152 814 5214 totius
829 5152 942 5229 hsiao3
959 5157 990 5212 et
1004 5165 1051 5212 re·
1139 5154 1225 5218 lidde
1241 5149 1445 5230 ultimaquorl
1461 5163 1570 5212 omnes
1581 5147 1740 5212 Ecclesiae
1753 5147 1827 5211 illae
1838 5148 1968 5226 patriar·

186 5225 320 5303 spondet
337 5235 469 5320 ipsemet
482 5231 574 5294 nobis
588 5232 828 5314 insultansque
844 5235 935 5315 periit
949 5233 991 5296 ihi
1004 5249 1052 5295 su·
1098 5238 1186 5301 chale
1200 5235 1375 5299 hahuerunt
1390 5249 1446 5313 per
1459 5232 1550 5312 louge
1565 5232 1886 5312 temporaeplseopos
1903 5247 1967 5292 ma·

187 5313 345 5370 erosancta
362 5315 419 5370 isla
433 5315 606 5378 successio.
923 5361 928 5374 .
1098 5320 1226 5384 milesios
1242 5317 1427 5390 haereticos,
1440 5321 1475 5378 et
1491 5315 1620 5394 proinde
1635 5315 1803 5394 interrupta
1819 5318 1868 5375 est
1882 5319 1967 5376 rete-

228 5389 425 5484 ltespoudeo:
442 5394 494 5458 llel
511 5393 653 5460 Caluinus
670 5414 706 5462 ex
717 5397 864 5480 ecquod
878 5398 1051 5479 periilsuc·
1096 5421 1163 5466 rum
1179 5408 1337 5481 pastorum
1352 5397 1524 5462 successio.
1842 5457 1848 5464 .

187 5485 290 5534 cessio
304 5486 336 5533 tn
353 5473 414 5536 illis
430 5474 521 5550 loeis,
537 5481 600 5542 rull
613 5482 813 5558 concludere,
829 5499 891 5546 aun
907 5497 978 5546 csse
994 5479 1051 5544 Ee·
1139 5485 1262 5560 Quinto:
1280 5482 1393 5562 objicit
1408 5481 1489 5544 idem
1506 5477 1647 5547 Calvinus
1664 5523 1672 5552 ,
1699 5481 1820 5540 reteros
1833 5475 1965 5552 Patres,

186 5556 325 5650 etesium,
342 5555 390 5617 rol
406 5571 477 5625 essc
492 5557 673 5639 Ecclesiam3
689 5564 716 5626 si
729 5561 875 5642 Primum,
889 5579 944 5644 pro
959 5563 1050 5626 uobis
1096 5569 1148 5648 qui
1164 5567 1330 5631 ostendunt
1357 5562 1526 5628 Ecclesiam
1553 5575 1589 5624 ex
1611 5561 1812 5626 successione
1842 5559 1968 5640 pontili-

188 5637 272 5700 lacol:
289 5635 361 5730 llam
375 5639 404 5700 si
419 5639 462 5701 ihi
478 5655 540 5704 non
557 5651 603 5706 est
618 5645 769 5721 Ecclesia,
786 5649 856 5729 quia
873 5648 917 5711 ibi
929 5662 991 5710 non
1004 5652 1052 5709 cst
1097 5669 1166 5713 earm
1182 5663 1390 5722 romanorum,
1408 5647 1438 5710 id
1453 5645 1564 5722 lacere,
1591 5645 1660 5722 qula
1687 5641 1749 5705 illis
1771 5643 1967 5723 temporibus

188 5735 359 5797 successio,
375 5733 450 5802 erpo
466 5723 516 5786 hic
532 5731 580 5787 ast
595 5727 748 5806 Ecclesia,
766 5733 836 5811 quio
852 5731 903 5796 laic
918 5735 965 5796 est
980 5745 1049 5798 suo·
1097 5733 1258 5798 constabat
1285 5747 1347 5794 non
1369 5729 1466 5793 luisse
1495 5731 1639 5794 mutulam
1663 5723 1754 5788 iidem
1780 5733 1811 5790 et
1840 5727 1965 5805 religio·
