4080 6306
818 387 913 446 clusit
932 387 1055 448 PRIMUS
1694 382 1745 441 ²⁰9

60 518 185 582 stlanus
200 521 232 580 et
245 515 277 580 in
291 513 386 584 rebus
400 516 611 600 spiritualibus
629 517 777 596 esteris,
794 525 826 588 et
838 521 921 588 tilius
964 521 1138 604 lpitnrante
1152 535 1260 588 omnes
1273 520 1447 603 principum
1460 521 1568 603 leges,
1584 519 1751 584 humanum
1765 534 1817 600 pe·

60 599 275 664 sacerdotum:
287 601 328 664 ita
343 615 361 665 e
375 603 526 666 contrario
540 601 715 666 sacerdotes
729 605 763 664 ut
776 603 875 682 eires,
891 611 924 670 et
967 621 1027 667 nus
1040 603 1159 668 ratione
1173 605 1303 670 docente
1318 603 1487 680 constituit,
1504 608 1538 668 ut
1549 601 1666 684 ubique
1677 605 1817 666 sacerdo·

59 683 95 746 in
112 681 211 746 rebus
225 684 446 762 temporalibus
459 685 600 750 sidentur
614 697 707 764 posse
721 684 783 748 dici
797 703 882 763 ores,
893 695 924 752 et
967 692 1015 750 tes
1029 685 1182 756 immunes
1196 692 1303 752 essent
1317 705 1334 751 a
1346 684 1561 769 jurisdictione
1575 685 1748 766 principum
1763 683 1818 747 lai·

61 765 155 843 quusi
170 763 227 828 dlii
251 766 433 847 principum*
449 766 662 832 saecularium.
686 766 847 848 Itempuia
861 787 924 834 nna
969 784 1086 832 eornm.
1112 768 1158 834 ad
1179 771 1306 849 primam
1330 768 1590 836 confirmationem
1618 767 1815 848 respondeo:

62 855 185 910 tantum
200 851 250 911 est
262 849 411 927 Ecclesia,
425 851 586 914 continens
598 849 728 914 clericos
741 854 772 913 et
785 851 926 928 laicos,et
968 849 1141 930 Principem
1156 852 1281 934 quidem
1295 868 1394 924 orem,
1410 869 1447 916 ac
1457 851 1552 916 fllium
1567 851 1757 934 spiritualem
1771 865 1819 913 sa·

65 931 231 993 Ecclesiae
245 937 336 1010 eaput
349 938 397 996 est
410 947 549 996 summus
564 931 784 1012 pontilex,ideo
794 934 927 999 subsunt
970 933 1103 998 cerdatis
1118 951 1211 1000 esse:
1226 934 1283 999 sed
1297 934 1489 1009 sacerdotem
1509 935 1595 998 nullo
1618 933 1709 1002 modo
1723 931 1821 995 fitium

64 1029 182 1076 ornnes
197 1013 298 1078 eidem
313 1030 433 1079 summo
447 1013 583 1094 pontiflci
599 1021 662 1078 tum
677 1014 792 1093 clerici,
806 1023 870 1081 tnm
883 1018 925 1082 lu·
970 1016 1020 1080 ccl
1034 1031 1122 1080 orem
1135 1017 1286 1098 principis
1297 1017 1359 1082 dici
1378 1031 1482 1096 posse:
1508 1016 1652 1099 quoniam
1676 1014 1819 1080 sacerdo·

62 1095 130 1172 ici,
147 1095 241 1176 igitur
265 1096 375 1160 eodem
388 1097 480 1162 modo
504 1096 650 1178 quoniam
674 1112 735 1161 una
760 1103 810 1164 est
822 1100 926 1164 uiriles
971 1103 1030 1172 tes,
1046 1102 1078 1162 et
1090 1115 1199 1164 omncs
1213 1100 1321 1165 clerici
1335 1116 1424 1164 suum
1438 1099 1554 1163 hubent
1573 1097 1742 1180 principem
1757 1097 1821 1176 spi·

65 1177 238 1241 continens
262 1179 358 1243 laicos
369 1184 401 1244 et
414 1179 565 1255 clericos,
583 1184 614 1244 et
625 1179 754 1246 civitatis
775 1187 867 1263 caput
879 1189 928 1248 est
972 1180 1124 1255 ritualem,
1141 1197 1229 1264 aquo
1243 1185 1305 1245 nbn
1316 1182 1349 1246 in
1360 1181 1570 1262 spiritualibus
1580 1182 1692 1257 solum,
1707 1179 1766 1244 sed
1779 1185 1822 1243 et·

64 1259 218 1340 princeps
238 1262 420 1337 saecularis,
444 1261 515 1326 ideo
537 1262 669 1344 subiecti
685 1263 800 1328 debent
814 1281 884 1330 esse
895 1281 928 1327 o·
972 1263 1031 1326 iam
1046 1263 1078 1326 in
1092 1265 1312 1346 temporalibus
1326 1269 1485 1344 reguntur.
1499 1263 1605 1344 Neque
1615 1263 1682 1328 fleri
1696 1266 1819 1342 potest,

65 1357 163 1406 mnes
177 1347 237 1406 tam
252 1343 333 1418 laici,
349 1360 441 1425 quam
455 1343 559 1410 clerici
574 1343 706 1424 principi
731 1349 880 1412 saeculari
895 1349 928 1412 in
973 1351 1008 1408 nt
1020 1345 1099 1410 dnos
1112 1352 1280 1428 agnoscant
1292 1346 1452 1426 principes
1474 1346 1508 1410 in
1530 1347 1625 1410 rebus
1650 1345 1825 1426 temporali·

64 1425 212 1504 lisiduna
227 1425 382 1505 pertinent
395 1427 433 1492 ad
446 1428 561 1492 bonnm
575 1427 715 1509 regimen
729 1429 930 1494 civitatislte·
973 1427 1033 1491 bus
1047 1474 1055 1503 ,
1067 1444 1149 1506 cum,
1162 1428 1245 1510 juxte
1261 1430 1465 1510 evangelium,
1481 1443 1573 1492 nemo
1593 1428 1691 1510 possit
1704 1428 1826 1492 duobus

67 1507 237 1592 spondeo:
252 1509 318 1572 Eoc
343 1515 522 1592 argumento
542 1510 686 1593 probari,
705 1513 931 1595 exemptionem
975 1510 1115 1575 bominis
1129 1511 1256 1576 servire.
1280 1510 1327 1576 bd
1348 1511 1475 1576 atteram
1496 1510 1758 1575 confirmationem
1781 1525 1829 1574 re·

69 1589 259 1656 clericorum
273 1637 281 1666 ,
296 1607 360 1656 non
375 1608 446 1660 esse
470 1591 599 1676 dejure
623 1600 749 1660 naturae
762 1595 930 1675 primario,
977 1592 1143 1675 spondeo:
1172 1588 1341 1658 Ecclesium
1366 1609 1438 1659 sere
1464 1609 1556 1657 unam
1587 1598 1704 1656 tantum
1728 1608 1825 1666 esse,

71 1671 159 1752 quod
186 1688 244 1736 nos
258 1690 350 1756 snpra
376 1675 408 1738 in
423 1677 502 1741 dnos
516 1676 629 1757 gradus
643 1674 859 1750 distinximus,
875 1679 932 1744 sed
977 1675 1107 1740 etnnllo
1122 1675 1316 1747 mododuas,
1340 1675 1492 1740 civitatem
1518 1682 1619 1741 antem
1644 1691 1734 1740 unum
1761 1691 1832 1738 esse

68 1770 146 1817 esse
172 1754 212 1818 de
224 1756 296 1839 iure
311 1763 435 1824 naturas
461 1758 665 1832 secundario,
682 1760 764 1841 qnod
778 1761 868 1824 etiam
880 1761 932 1842 jus
976 1758 1175 1822 materialiter
1190 1763 1222 1822 et
1236 1758 1312 1822 duas
1325 1759 1504 1822 formaliter.
1519 1757 1594 1822 Nam
1607 1757 1746 1822 Ecclesia
1761 1773 1833 1820 con·

68 1835 214 1917 gentium
229 1840 377 1918 appellari
391 1842 534 1905 diximus.
549 1840 623 1904 Nam
634 1843 839 1907 nts'lbomas
849 1849 934 1907 recte
978 1840 1056 1904 tinet
1069 1855 1177 1907 omnes
1193 1839 1381 1906 Christianos
1396 1841 1576 1917 catholicos,
1593 1841 1657 1905 sire
1669 1840 1731 1904 sint
1745 1839 1833 1903 cieri·

69 1925 167 1982 docet
182 1920 214 1982 in
228 1921 260 1984 2.
276 1923 307 1984 2.
324 1930 443 2005 quaest.
458 1925 510 1988 tl.
526 1923 673 2004 emejus
687 1931 813 1990 naturae
823 1925 933 2006 prima·
978 1922 1019 1997 ci,
1035 1921 1100 1986 sire
1114 1921 1198 1986 laici.
1214 1922 1245 1987 Si
1260 1922 1330 2004 quis
1341 1930 1442 1988 antem
1457 1923 1633 1988 consideret
1643 1927 1765 1988 coetum
1779 1920 1834 1984 lai·

70 2002 156 2064 rium
171 2003 372 2082 respicitrem
384 2007 524 2073 absolute
538 2006 771 2078 consideratam,
786 2007 838 2090 jus
849 2013 935 2071 nalu-
979 2020 1096 2080 corum,
1119 2021 1180 2068 non
1196 2010 1231 2068 ut
1243 2004 1408 2070 christiani
1429 2012 1526 2081 sunt,
1549 2005 1606 2070 sed
1624 2011 1659 2070 ut
1672 2005 1767 2078 cives,
1783 2002 1834 2066 rel

73 2099 131 2146 rao
147 2086 378 2166 secundarium,
394 2089 460 2153 siae
470 2091 523 2171 jus
534 2088 671 2170 gentium
686 2091 812 2170 respicit
823 2105 889 2153 rem
904 2091 936 2153 in
982 2101 1178 2167 quocumque
1192 2088 1367 2162 ullomodo,
1382 2089 1411 2152 is
1425 2095 1533 2152 coetus
1544 2087 1682 2163 Ecclesia
1695 2086 1757 2151 dici
1773 2101 1836 2149 non

72 2166 188 2231 ordine
199 2169 236 2230 ad
252 2177 370 2234 certum
384 2170 478 2235 finem
489 2178 520 2236 et
533 2171 605 2236 ideo
620 2172 735 2251 pendet
745 2187 783 2236 ex
793 2172 937 2237 discursu
983 2174 1096 2250 polest.
1112 2167 1279 2251 iincipitur
1290 2170 1369 2235 duae
1380 2170 1454 2251 ungi
1469 2176 1600 2250 possunt
1619 2169 1788 2242 Ecclesiae,
1800 2184 1837 2230 ac

76 2248 310 2316 rationis.Licet
324 2253 417 2334 igitur
427 2271 489 2317 non
501 2260 653 2334 repugnat
665 2254 775 2318 rationi
787 2255 936 2332 ubsolute,
983 2251 1081 2316 multo
1097 2252 1295 2316 minusesse.
1320 2253 1357 2316 at
1371 2260 1479 2318 coetus
1501 2253 1648 2318 laicorum
1673 2257 1704 2316 et
1727 2257 1835 2315 coetus

75 2335 112 2392 ut
124 2331 259 2396 clericus
274 2334 379 2399 subsit
393 2337 425 2399 in
441 2336 537 2400 rebus
558 2336 700 2400 ciuilibus
724 2337 857 2418 principi
871 2353 938 2400 sae·
984 2333 1169 2400 elericorum
1181 2333 1347 2400 formaliter
1357 2336 1437 2400 duas
1459 2334 1596 2400 civitates
1610 2334 1672 2399 dici
1685 2341 1836 2414 possunt,

75 2413 190 2490 culam:
207 2422 310 2480 tamen
329 2426 479 2499 repugnet
492 2421 525 2481 in
539 2417 648 2483 ordine
670 2419 707 2482 ad
729 2419 864 2484 officinm
877 2419 939 2484 cle·
985 2415 1129 2497 quoniam
1144 2417 1176 2480 in
1191 2417 1268 2498 ipsis
1283 2419 1373 2482 etium
1388 2418 1609 2499 temporalibus
1622 2417 1718 2482 rebus
1741 2415 1840 2479 diser·

74 2495 213 2560 ricurnm
229 2499 285 2562 rite
300 2500 586 2574 administrandum.
611 2500 686 2564 Nem
708 2505 743 2564 ut
766 2503 825 2566 alia
847 2503 934 2565 omit·
984 2515 1036 2562 sus
1051 2499 1138 2579 leges
1164 2499 1299 2576 babent,
1317 2500 1473 2566 diversum
1493 2501 1693 2580 principem,
1719 2498 1839 2562 diversa

79 2585 154 2652 tam,
174 2581 385 2662 turpissimum
400 2589 531 2660 esset,ut
546 2585 637 2647 etiam
652 2583 743 2649 Solus
763 2586 931 2658 annotarit,
978 2581 1139 2646 tribunelia
1152 2585 1295 2646 etlumen
1306 2582 1503 2648 materialiter
1525 2599 1617 2646 unam
1631 2597 1754 2662 quoque
1768 2580 1840 2643 cisi·

76 2660 104 2722 si
117 2661 498 2748 magistratusepiscopum
511 2667 727 2746 corriperem!
738 2669 848 2747 punire
859 2665 931 2747 po's·
977 2668 1070 2727 talem
1083 2663 1218 2739 iaciunt,
1234 2664 1305 2746 (luit
1319 2681 1411 2729 binim
1429 2664 1538 2730 urbem
1553 2665 1724 2730 inhabitant
1735 2668 1766 2727 0¹
1779 2663 1838 2726 sub

77 2749 140 2817 set,
156 2761 172 2805 a
187 2760 248 2824 quo
269 2746 337 2828 ipse
352 2750 553 2831 corrigendus
574 2754 605 2812 et
618 2749 794 2829 puniendus
820 2756 878 2813 cst.
893 2749 931 2812 Et
975 2744 1115 2826 eiusdem
1126 2747 1276 2827 principis
1289 2747 1480 2829 protectione
1493 2749 1607 2825 vivunt,
1621 2747 1675 2830 qni
1689 2746 1770 2810 sicut
1783 2763 1840 2825 pro

77 2825 151 2904 quis
164 2827 267 2902 lerrel,
284 2829 312 2894 si
327 2831 424 2916 bonta,
443 2831 589 2896 sacerdos
613 2831 650 2894 ad
679 2849 769 2896 suum
797 2832 930 2896 tribunal
974 2829 1080 2892 labore
1094 2873 1102 2903 ,
1118 2846 1155 2893 ac
1168 2829 1393 2907 sollicitudine,
1410 2848 1500 2913 quam
1516 2847 1572 2911 pro
1586 2828 1743 2895 communi
1755 2827 1840 2892 bono

77 2908 288 2989 magistratum
302 2921 506 2988 nocereturas
519 2917 620 2978 autom
634 2917 830 2996 magistratus
843 2931 931 2980 noca·
976 2911 1116 2990 suscipit,
1128 2928 1145 2974 a
1156 2911 1243 2975 laicis
1264 2912 1377 2976 tributa
1390 2914 1500 2995 recipit
1513 2912 1553 2976 ita
1565 2912 1702 2993 recipita
1717 2909 1840 2975 clericis

81 2995 131 3084 ret
143 2994 335 3060 sacerdotem
346 2995 385 3060 ad
400 2997 545 3062 snumtEt
559 3012 663 3062 nonne
676 2997 778 3062 omnis
791 3013 932 3062 reveren·
977 2994 1088 3057 auxilia
1101 2997 1193 3076 longe
1204 2994 1320 3076 majora
1339 2995 1530 3077 publicarum
1541 3011 1667 3078 precum
1681 2999 1712 3062 at
1725 2991 1840 3058 sacrib-

77 3077 137 3136 tras
152 3090 242 3155 quam
259 3078 436 3146 necessario
461 3079 575 3144 debent
598 3077 668 3145 laici
692 3079 932 3154 sacerdotibus,
979 3075 1150 3142 ciorumad
1164 3077 1275 3142 Deum
1341 3155 1346 3166 ,

77 3155 206 3238 periret,
222 3159 249 3223 si
265 3175 320 3226 eos
334 3177 389 3243 pro
403 3161 533 3243 imperio
544 3162 687 3227 cdercere
698 3163 843 3245 possenti
857 3161 935 3226 ilinc
