4086 6296
246 309 299 375 biii
958 307 1016 366 tra
1034 307 1144 372 lltt‘ts

164 441 209 513 pi.
224 440 374 506 Similiter
385 439 667 508 articuluerredo
680 445 832 507 coactam
846 441 1039 516 Ecclesiam,
1086 445 1208 514 rerunt,
1224 455 1259 504 sc
1275 438 1401 518 rlcisse3
1418 441 1449 503 et
1465 455 1526 500 non
1542 436 1694 510 ,contenti
1720 435 1892 502 sustulisse
1909 453 1965 498 ro·

166 523 299 585 dirersis
312 524 413 585 modis
428 523 643 602 intelligimus,
672 521 710 584 Et
734 523 810 586 illud
834 522 937 586 etiarn:
956 521 1038 586 Sen-
1086 537 1155 584 cem
1170 518 1341 602 ipecircree,
1359 528 1390 583 et
1404 537 1460 664 xro
1477 537 1512 584 ee
1528 519 1730 586 substituisse
1759 517 1965 597 inanimae,

166 611 296 674 claram
311 605 596 680 commemriancmr
622 621 693 668 narn
720 605 759 668 de
781 603 914 684 singulis
937 621 1039 666 sacru·
1085 604 1178 683 paulo
1195 609 1266 681 pust
1279 604 1384 682 ipsum
1424 599 1588 682 percharae,
1605 603 1638 664 in
1651 599 1830 681 trenciani.
1849 601 1964 672 idest,

164 687 282 748 ruentis
298 692 371 750 sunt
382 688 625 752 controversiae.
640 688 782 766 lienique
799 687 837 748 da
851 687 1039 753 illozliemis·
1084 686 1246 750 dissimilis
1258 686 1461 759 substantiae,
1479 685 1749 757 transformarunt,
1764 691 1798 746 ut
1812 684 1964 750 Theoda-

165 769 294 839 sr'ancm
306 773 529 846 peccatoram,
552 770 682 833 maxime
698 768 913 832 dissentimus.
1084 775 1171 830 retus
1186 768 1293 836 reicrt,
1306 768 1362 832 lib.
1379 768 1411 832 2.
1428 768 1502 832 hist.
1522 785 1591 844 cap
1609 766 1661 830 el.

207 850 294 928 Ilicet
310 850 494 922 Cassander,
511 857 559 912 sel
573 858 639 922 est,
656 851 737 929 gund
754 867 863 914 omnes
879 851 1039 926 fateamur,
1126 848 1206 912 llinc
1218 850 1350 913 Basilius
1366 851 1486 928 roganti
1503 850 1659 927 praelecto
1671 845 1809 911 Valentis
1821 845 1966 924 impera·

166 931 340 1010 symbolum
358 946 428 990 esse
441 939 594 1006 peramat
607 933 682 996 illud
695 932 874 1010 recipimus.
1084 932 1172 1000 toris,
1196 937 1230 992 ut
1245 931 1376 1011 tempori
1389 936 1523 1011 pareret,
1547 939 1578 994 et
1603 945 1667 994 uon
1695 934 1741 992 tol
1764 927 1933 994 Ecclesias
1955 973 1965 1002 ,

207 1011 317 1076 Contra
332 1031 340 1089 ;
356 1012 468 1083 Prima:
485 1012 664 1094 Symbolum
681 1031 777 1083 unum
793 1020 862 1089 est,
884 1018 915 1075 ct
930 1029 992 1076 non
1007 1013 1039 1078 in
1084 1017 1211 1090 propter
1226 1030 1348 1091 perraro
1362 1013 1540 1093 dogmatum
1552 1013 1767 1082 subtilitatem,
1782 1009 1888 1074 vexari
1905 1027 1966 1088 pe·

163 1094 279 1168 rerbis,
297 1095 352 1154 scd
368 1095 401 1154 in
418 1109 514 1158 seusu
530 1103 578 1156 est
591 1095 694 1170 sides,
711 1113 774 1158 uon
797 1112 870 1170 ergo
886 1094 1038 1158 habemus
1085 1099 1212 1168 teretur,
1229 1095 1401 1172 respondit:
1415 1095 1477 1171 Qec·
1490 1096 1612 1160 diuinis
1626 1093 1785 1157 inumata·
1798 1099 1879 1156 eneti
1894 1093 1963 1156 cto·

162 1174 247 1236 idem
261 1175 483 1254 symbulumst
500 1177 529 1238 in
544 1179 746 1254 explicatione
759 1176 1038 1244 diffidamusPrae·
1084 1176 1186 1256 gaiis,
1203 1191 1413 1254 carrnmperc
1434 1179 1476 1240 de
1490 1179 1613 1246 diuinis
1628 1174 1846 1254 decoratione,
1862 1191 1909 1238 ne
1923 1192 1966 1238 u·

163 1262 247 1321 terea
273 1259 299 1318 sl
316 1255 474 1334 sufficeret
500 1259 591 1322 rerba
614 1259 746 1337 symboli
773 1260 939 1337 recipcre,
962 1257 1039 1319 urrllt
1084 1258 1491 1341 nomgaidcmsgltabom
1509 1261 1710 1338 patienter,
1726 1258 1786 1320 red
1808 1273 1872 1334 pro
1888 1257 1958 1332 liis,

162 1336 230 1404 iare
246 1345 385 1402 veterum
408 1340 638 1404 haereticarum
650 1341 721 1420 J'urc
748 1341 880 1400 damnati
895 1340 1056 1408 luissent..
1082 1339 1113 1399 ci
1127 1341 1307 1418 contingat,
1324 1357 1438 1404 omncs
1453 1343 1553 1406 ctiam
1563 1340 1678 1404 mortis
1691 1339 1816 1417 speciae
1833 1340 1963 1416 empta·

162 1417 236 1493 llam
252 1419 767 1494 Arianillaratiani,Nestorianhet
781 1423 831 1484 alii
848 1422 913 1484 lcrc
928 1437 1038 1484 ornnes
1085 1425 1228 1484 ctaatnr.
1251 1422 1328 1484 llirlo
1344 1423 1571 1486 Theodoretum
1597 1422 1653 1484 tib.
1681 1419 1712 1482 l.
1737 1437 1806 1497 cep.
1833 1422 1885 1482 ll.
1904 1421 1958 1482 lll-

164 1499 258 1564 rerbe
275 1502 406 1580 symboli
423 1503 586 1581 apostolici
613 1504 821 1581 recipiebant,
849 1504 904 1564 scd
921 1501 992 1578 guia
1007 1503 1039 1564 iu
1084 1501 1197 1564 sturiae
1213 1503 1459 1572 ecclesiasticae.
1482 1504 1597 1566 Eadem
1620 1503 1796 1568 constantia
1821 1503 1961 1579 praediti

162 1597 259 1646 sensu
276 1584 436 1646 dissensio
450 1591 514 1652 erat
531 1631 539 1658 ,
571 1585 643 1648 ideo
657 1585 804 1658 damnati,
834 1592 866 1647 et
880 1585 918 1646 ab
931 1584 1036 1648 Eccle·
1084 1582 1210 1647 luerunt
1222 1585 1399 1648 Eustathius
1415 1592 1446 1648 et
1458 1586 1621 1666 sylvanus
1638 1584 1754 1663 quibus
1769 1601 1841 1646 cum
1856 1587 1959 1662 irnpe-

168 1665 213 1726 sia
231 1665 381 1728 catholica
397 1665 488 1746 ejecti
505 1667 639 1730 luerunt.
1083 1670 1165 1728 rator
1180 1665 1306 1730 exilium
1319 1669 1499 1740 minaretur,
1512 1667 1573 1730 uisi
1585 1681 1693 1729 vocem
1710 1663 1885 1744 acaciana,
1903 1667 1959 1727 ab·

206 1746 351 1808 Secundo
366 1765 373 1808 ι
390 1748 638 1812 Fundamentum
656 1747 821 1810 Cassandri
837 1745 1009 1810 estlalsum
1028 1766 1039 1824 ;
1082 1752 1254 1825 rogarent,
1281 1749 1531 1826 responderunt,
1558 1753 1743 1828 patestatem
1772 1747 1876 1810 babes
1900 1764 1958 1824 prr·

164 1843 229 1890 nou
256 1829 338 1890 caim
357 1836 486 1908 possunt
513 1846 584 1898 rara
599 1830 736 1892 membra
762 1830 922 1894 Ecclesiae
937 1830 1038 1892 vocari
1083 1827 1270 1901 nicndi,non
1285 1835 1387 1894 lamen
1402 1847 1461 1892 nas
1476 1831 1597 1894 Petrum
1619 1834 1731 1892 statuta
1746 1829 1957 1892 destruimus.

163 1907 330 1982 Lutberuni
347 1917 378 1974 ct
392 1909 712 1990 Culrinistac,ctiarusi
729 1911 759 1974 in
775 1913 916 1991 symbola
932 1911 1036 1973 nabis·
1084 1909 1160 1972 Vide
1178 1911 1253 1972 bist.
1278 1911 1396 1989 Tripar.
1420 1913 1475 1994 lib.
1493 1913 1524 1975 5.
1540 1928 1610 1988 cap.
1623 1909 1676 1974 el.

164 2008 235 2052 curn
253 1995 456 2070 convenirent
474 2011 484 2072 3
501 2011 570 2056 nem
588 2001 708 2070 practer
724 1993 810 2055 illum
826 1993 920 2056 iidem
935 1993 1038 2072 regui·
1122 1991 1264 2070 lienique
1279 1993 1465 2058 Celesiusin
1480 1993 1611 2075 epistola
1625 1991 1665 2056 ad
1679 1990 1960 2071 Euphemianum,

151 2073 451 2154 ¹ritursnbjcctlahd
464 2076 637 2154 legitimum
651 2076 910 2154 caputEcclesiae
923 2093 938 2136 a
952 2075 1037 2138 Chri·
1081 2074 1201 2152 petenti
1211 2075 1416 2148 becretioo‚ut
1427 2093 1505 2156 pape
1517 2076 1564 2138 cis
1576 2073 1960 2148 concescenecrerpaesr,

165 2160 452 2230 aucmentatum,
470 2164 502 2222 ct
515 2157 754 2224 communicatio
770 2175 842 2220 curn
857 2157 925 2219 aliis
940 2173 1037 2220 meru·
1082 2155 1199 2234 aliquid
1225 2157 1396 2222 remitteret
1421 2159 1460 2220 de
1476 2157 1628 2236 religione
1657 2155 1807 2220 catholica
1825 2200 1836 2222 .
1867 2157 1959 2233 pacis

165 2235 231 2307 bris
246 2257 255 2314 3
272 2237 411 2302 Ecclesia
429 2241 512 2302 enim
538 2247 587 2301 nst
601 2256 699 2302 anum
715 2256 830 2318 corpus
844 2238 988 2314 risibile,
1007 2245 1038 2302 at
1082 2236 1190 2315 gralia,
1207 2238 1367 2317 eleganter
1378 2239 1448 2319 eius
1467 2240 1648 2319 petitionem
1665 2235 1771 2300 irrisit.
1798 2235 1882 2299 Cam
1897 2253 1959 2300 on

164 2318 298 2398 proinde
315 2327 408 2398 caput
424 2328 454 2383 et
470 2322 606 2384 mambra
627 2321 722 2384 babet
735 2322 892 2394 risibilia,
910 2337 969 2382 nec
984 2338 1037 2400 po·
1081 2325 1156 2394 iem,
1170 2320 1271 2400 ingerit
1282 2365 1291 2392 ,
1304 2322 1398 2395 dicis,
1413 2320 1746 2385 condescenderemus
1767 2317 1887 2382 debere
1901 2335 1960 2380 oo·

163 2405 227 2462 lost
243 2402 303 2463 dici
320 2403 506 2478 membrum,
524 2404 607 2483 quod
624 2420 640 2465 a
657 2403 758 2481 capite
775 2410 804 2464 et
821 2418 951 2482 corpore
966 2405 1038 2464 reli·
1082 2400 1220 2466 bacam:
1232 2401 1516 2480 interimjamcoe
1530 2401 1735 2473 descendere,
1749 2406 1808 2462 nm
1822 2402 1960 2464 descen·

85 2532 87 2536 .
165 2497 227 2560 gua
243 2491 419 2568 separatum
436 2491 495 2548 ost.
513 2484 601 2550 Certe
616 2485 835 2560 letingehem
852 2483 952 2562 quoad
966 2501 1037 2549 seu·
1082 2484 1380 2548 disscmonstrotie.
1401 2483 1708 2564 anaequaanca
1729 2497 1794 2562 qao
1815 2482 1958 2544 ismae·

165 2580 233 2625 suin
251 2567 282 2626 ln
299 2567 440 2645 symbola
457 2567 661 2630 conueniebat
672 2584 741 2628 cum
756 2567 1035 2638 cntlrnticis‚tarneu
1081 2567 1206 2628 scansio
1222 2568 1287 2626 est?
1301 2566 1413 2646 Uticae
1424 2567 1648 2644 emercperiorc
1659 2565 1806 2643 qaedam
1821 2563 1893 2624 tacc
1910 2565 1959 2626 od

165 2651 236 2723 quin
255 2648 379 2709 nolebat
405 2649 538 2712 subesse
560 2650 709 2727 episcopa
724 2695 731 2723 ,
749 2656 780 2710 et
795 2649 926 2710 caeteris
940 2665 1036 2718 rnam-
1079 2647 1245 2723 iuferiora
1259 2663 1411 2726 ganacae
1432 2649 1619 2726 depositos,
1647 2663 1670 2710 o
1690 2643 1853 2708 calbotica
1874 2660 1960 2724 opo·

163 2727 231 2788 bris
248 2730 498 2803 communicare,
516 2731 555 2792 ab
571 2730 745 2809 Epiphania
772 2736 803 2791 ct
817 2731 989 2809 Augustino
1005 2731 1037 2792 in
1079 2729 1258 2806 staticoqae
1274 2731 1506 2794 commaniane
1521 2732 1567 2793 od
1580 2729 1792 2804 tenerrimam,
1809 2727 1958 2789 domno·

165 2811 304 2890 catalogo
320 2811 546 2875 baereticorum
563 2813 700 2890 punitur,
717 2818 748 2873 et
762 2812 1035 2891 cyprianistae,
1080 2817 1211 2890 lanaque
1224 2811 1397 2890 prolapsos
1411 2813 1529 2878 uidetis
1544 2857 1552 2880 .
1569 2809 1783 2887 cognoscitis,
1809 2823 1883 2870 non
1897 2825 1958 2871 nc·

165 2892 257 2969 epist.
274 2893 305 2952 2.
321 2894 395 2954 dicit
408 2906 417 2963 ·,
434 2893 633 2962 horatianum
650 2910 721 2958 csse
738 2901 820 2956 extra
838 2895 1009 2956 Ecclesiam
1025 2942 1033 2968 ‚
1079 2894 1176 2972 petis:
1190 2893 1249 2954 'scd
1264 2895 1363 2956 etiam
1374 2894 1593 2972 insuper-enm
1608 2895 1778 2954 nrcncmcc
1792 2891 1960 2956 redamat·

164 2974 236 3051 quia
253 2990 313 3034 non
331 2976 452 3036 ualebat
466 2975 582 3054 subjici
598 2973 736 3053 pontillci
753 2976 1035 3051 Cerneti0,etieursi
1079 2977 1120 3038 tis
1131 2975 1269 3051 impelli,
1287 2977 1624 3040 condescenderemus
1646 2972 1812 3034 nobiscnm
1825 2972 1952 3034 inuita·

162 3054 282 3117 nullam
298 3055 388 3117 aliam
405 3057 559 3118 lraereslrn
575 3057 813 3122 introduxisset.
1078 3060 1118 3122 tis
1134 3058 1179 3123 ad
1191 3058 1261 3119 imo
1272 3059 1313 3120 dc
1327 3059 1488 3133 sammr‘e;
1503 3072 1565 3122 nes
1585 3056 1805 3118 coascendere
1819 3069 1877 3116 aaa
1893 3071 1955 3116 no·

204 3137 318 3198 lertio:
337 3136 511 3199 Cassander
525 3139 565 3199 ita
581 3139 820 3217 disputat,qunsi
836 3139 916 3202 inter
928 3138 1034 3202 Catho-
1083 3141 1208 3204 hiscam
1221 3155 1377 3216 rogamus
1393 3141 1581 3206 adsumme
1602 3137 1742 3201 deiaria.
2022 3203 2023 3224 χ

165 3217 258 3293 linos,
275 3217 471 3281 butheraaos
496 3225 527 3281 et
556 3219 736 3282 Cetrinlstns
753 3223 854 3286 salure
870 3221 1040 3284 dissensio·
1128 3221 1252 3293 Quinto:
1268 3222 1330 3282 lton
1343 3227 1446 3298 potest
1461 3221 1593 3284 liberum
1609 3235 1681 3282 esse
1695 3216 1824 3280 crctlcre
1841 3214 1871 3276 in
1888 3233 1954 3278 uno

162 3314 222 3360 nes
237 3300 300 3361 sint
315 3300 354 3362 de
369 3299 481 3362 ritibus
497 3307 528 3370 et
542 3303 747 3374 caeremoniis
759 3305 949 3378 humanismt
960 3305 1038 3366 urrrl-
1084 3303 1226 3383 gurolrbct
1240 3302 1395 3381 dogmata,
1412 3305 1488 3381 guin
1499 3303 1608 3366 eadem
1623 3300 1740 3364 renone
1757 3299 1890 3360 liberum
1906 3314 1954 3360 es·

138 3407 140 3412 ·
162 3383 193 3452 ia
210 3380 351 3459 dogmate
377 3389 451 3443 sunt
465 3383 589 3444 maximi
611 3386 759 3446 momenti
775 3432 783 3458 ,
801 3386 833 3448 in
848 3385 962 3464 quibus
977 3387 1040 3448 dis·
1085 3403 1120 3449 se
1143 3384 1255 3451 debeat
1267 3385 1297 3446 iu
1313 3385 1471 3457 omnibus,
1499 3385 1592 3448 etiam
1607 3382 1639 3446 in
1656 3383 1705 3456 ils,
1723 3380 1851 3456 auceia
1874 3396 1957 3459 spor-

152 3463 332 3550 ·sentimus,
345 3480 489 3543 quaeque
504 3481 566 3528 uon
582 3464 735 3528 habentur
749 3483 898 3546 expresse
911 3468 942 3528 in
959 3483 1039 3547 span·
1085 3468 1157 3530 bolo
1175 3466 1347 3545 apostatico
1370 3467 1579 3541 continentum
1598 3481 1668 3527 nani
1687 3479 1746 3526 uae
1776 3468 1826 3524 est
1849 3464 1957 3540 regula

161 3542 258 3618 bola,
277 3549 309 3610 et
323 3551 451 3624 propter
466 3562 545 3624 quac
561 3547 646 3610 nulla
664 3563 721 3626 par
738 3549 856 3628 sperari
874 3555 976 3626 potest
991 3551 1038 3611 ln·
1083 3549 1156 3616 lldci
1170 3548 1351 3621 indubitata,
1368 3554 1398 3612 cl
1413 3554 1495 3614 certa
1510 3547 1541 3610 in
1559 3547 1703 3609 amnibus
1726 3559 1806 3624 qnae
1821 3547 1953 3606 credun·

162 3629 210 3690 ter
226 3624 403 3692 Catholicae
418 3635 448 3690 et
460 3628 665 3694 hutberanos.
682 3629 755 3694 llam
771 3631 856 3694 verbi
871 3632 1040 3710 gratianos
1082 3640 1143 3701 tur,
1160 3631 1305 3692 nimirum
1319 3630 1447 3698 verbnm
1468 3629 1525 3694 Ilei
1542 3645 1598 3708 per
1613 3627 1787 3692 Ecclesiam
1816 3625 1953 3701 explica,

163 3706 323 3781 dicimus,
341 3710 468 3780 missam
486 3725 558 3774 esse
574 3710 801 3776 divinissimum
828 3715 943 3774 cultum
960 3714 1038 3792 licii
1084 3720 1159 3779 lum.
1177 3712 1208 3774 Si
1225 3727 1299 3790 erga
1312 3713 1405 3775 credo
1432 3711 1595 3780 Ecclesiae
1619 3709 1752 3776 tradenti
1774 3706 1852 3768 mihi
1868 3721 1951 3784 sym·

161 3788 208 3858 illi
226 3791 335 3864 dicunt
362 3807 435 3858 csse
449 3792 638 3858 horrendam
655 3791 881 3858 idololatriam:
898 3795 1042 3866 similiter
1081 3796 1188 3860 bolam
1203 3792 1516 3872 apostolorumguna
1531 3807 1593 3854 non
1609 3793 1680 3854 scio
1693 3788 1821 3852 aliunde
1836 3802 1909 3849 esse
1922 3805 1953 3848 a·

162 3870 309 3936 invocare
324 3878 449 3940 sanctas
465 3873 557 3936 nabis
573 3879 621 3936 est
631 3873 810 3952 pictantias
821 3876 964 3954 impletus
976 3884 1038 3944 etc.
1081 3878 1288 3956 postelnrum,
1304 3876 1364 3940 nisi
1381 3876 1453 3954 quia
1476 3874 1618 3940 Ecclesia
1648 3873 1748 3944 dicit,
1772 3870 1883 3932 eadem
1906 3885 1952 3930 ra·

205 3951 330 4025 Quarto:
349 3954 453 4021 Sancti
468 3953 575 4018 Patras
590 3955 846 4032 decurrentem,
864 3962 898 4020 ut
911 3973 974 4020 nea
989 3975 1038 4023 so·
1081 3961 1165 4024 tione
1180 3960 1310 4022 credere
1324 3957 1426 4020 debeo
1441 3962 1566 4022 sanctas
1580 3953 1792 4024 invocandus,
1817 3953 1890 4030 quia
1905 3967 1956 4012 ca-

162 4033 229 4095 lum
245 4033 317 4097 lidel
334 4037 522 4114 symbolum,
539 4037 595 4100 scd
613 4039 705 4101 ellam
721 4039 822 4103 amnia
838 4038 897 4102 ella
913 4040 1039 4119 dogma-
1081 4044 1153 4106 darn
1166 4040 1306 4104 Ecclesia
1322 4040 1382 4102 hoc
1397 4037 1542 4114 ‹licit-,rel
1553 4035 1582 4102 si
1597 4037 1657 4102 hac
1672 4033 1793 4113 possim
1808 4047 1871 4094 nan
1887 4048 1954 4095 cre-

161 4122 192 4180 le
205 4115 290 4188 fidei,
307 4117 382 4182 licet
396 4118 513 4183 minuta
529 4119 850 4194 rideantur,lnrialata
863 4135 1038 4201 servemus,
1081 4126 1169 4196 dere,
1186 4120 1297 4184 eadem
1310 4121 1430 4184 rabone
1446 4133 1575 4195 possem
1590 4133 1651 4180 nan
1668 4116 1814 4188 credere,
1829 4113 1953 4194 sprabo·

163 4211 223 4265 trec
238 4205 365 4278 propter
389 4200 565 4266 haereticos
582 4199 646 4262 ullo
662 4202 755 4266 ruodo
772 4201 927 4266 immutari
943 4205 1037 4280 patin·
1079 4208 1144 4270 lum
1160 4201 1238 4267 illud
1251 4218 1324 4266 csse
1340 4202 1564 4279 apostatarum.
1888 4275 1895 4287 ι

162 4293 252 4353 rnur,
271 4279 368 4346 Celet.
385 4281 418 4346 2.
435 4281 548 4350 Paulus
570 4281 669 4354 dicit,
684 4299 720 4350 sa
735 4300 795 4347 nco
809 4285 847 4347 ad
863 4284 971 4348 horam
986 4303 1037 4348 cc·
1123 4287 1226 4350 Sexto:
1244 4283 1356 4361 optato
1368 4285 1424 4345 ista
1440 4279 1603 4347 Cassandri
1619 4295 1698 4344 nora
1713 4281 1770 4349 ast,
1788 4281 1820 4339 ct
1832 4276 1874 4336 ab
1886 4291 1955 4354 rpsa

163 4357 238 4422 dere
255 4361 391 4426 coluisse
420 4361 508 4434 falsis
522 4362 680 4428 tratribus.
696 4363 734 4430 Et
755 4383 831 4430 curn
842 4365 917 4428 altro
930 4365 1036 4431 briant
1079 4368 1217 4448 primurn
1229 4365 1411 4442 excogitata,
1430 4371 1463 4428 ul
1478 4366 1548 4440 lpse
1564 4361 1653 4424 initio
1669 4360 1791 4429 letatur,
1806 4367 1952 4435 suspecta

160 4445 305 4578 {ailisisti
320 4460 335 4502 θ
352 4443 528 4516 θθιιιθῑίιῑδ,
546 4449 579 4506 ut
594 4445 704 4516 saltam
719 4461 812 4514 uuam
827 4462 934 4512 rocam
947 4450 1035 4512 omit·
1080 4451 1175 4528 igitur
1195 4447 1303 4510 haberi
1328 4447 1436 4508 debet.
1459 4444 1497 4507 lit
1517 4443 1605 4508 enim
1622 4441 1760 4522 pulchra
1776 4439 1869 4500 docet
1882 4441 1951 4500 vln-

175 4527 275 4594 ercnt,
290 4539 373 4600 guae
385 4539 449 4590 non
464 4524 596 4596 babetur
611 4525 643 4589 in
659 4527 825 4608 Scriptura.
836 4545 896 4593 nec
909 4529 939 4592 in
953 4545 1037 4610 spur·
1080 4531 1203 4594 cautius
1216 4527 1398 4606 breinensis
1411 4527 1441 4588 ln
1456 4541 1514 4594 sae
1538 4523 1693 4602 opusculo
1719 4526 1827 4584 cantm
1847 4521 1950 4597 prole·

159 4601 235 4667 bolo
250 4604 461 4685 apestolorum
475 4651 484 4678 ,
500 4605 547 4667 ιιι
564 4621 665 4668 unam·
678 4608 798 4675 literam
813 4613 1035 4686 immutarent,
1080 4628 1138 4676 uas
1153 4609 1315 4682 novitates,
1331 4609 1511 4686 suspicione
1524 4621 1629 4670 carere
1645 4617 1707 4669 non
1724 4605 1840 4681 potest,
1852 4602 1949 4694 ‚quod

159 4684 254 4762 idpsl,
270 4701 333 4756 noa
348 4685 490 4761 dicerent
503 4683 674 4766 amorgan,
691 4692 747 4754 sed
763 4690 946 4771 ὁιιιιιὺσιιι,
963 4701 994 4757 ιι
1008 4696 1038 4760 si
1082 4708 1194 4758 norom
1210 4697 1270 4768 cst;
1297 4707 1367 4766 aum
1398 4707 1468 4752 vara
1492 4687 1571 4754 lidae
1596 4703 1657 4751 una
1672 4685 1713 4750 sit
1740 4689 1772 4745 et
1797 4684 1948 4761 antiquie·

160 4766 221 4829 hoc
247 4766 336 4829 heret
350 4812 358 4838 ,
374 4784 483 4846 pacem
501 4768 735 4846 pollicerentur.
761 4773 910 4840 Catholici
926 4775 1035 4840 uoluae
1082 4778 1188 4840 sima.-

159 4854 241 4924 runt,
260 4856 290 4912 at
304 4849 482 4928 imperatori
500 4849 718 4928 scripserunt,
735 4855 887 4922 netarium
903 4873 975 4920 essa
990 4860 1031 4924 de
1121 4847 1270 4934 Septimo:
1283 4853 1344 4916 lsta
1359 4851 1465 4931 epinla
1487 4851 1577 4912 iaciat
1604 4863 1707 4912 reram
1729 4843 1902 4910 Ecclesiam
1916 4861 1948 4907 a

158 4930 254 4992 rebus
268 4937 332 5012 jam
348 4931 486 5006 delinitis¹
498 4930 615 5010 oltguid
632 4933 884 5015 immulareretsi
896 4939 970 5018 quid
981 4942 1030 5018 ju·
1077 4938 1185 5005 maine
1197 4937 1349 5002 occultam
1365 4943 1395 4996 ιι
1407 4931 1609 5006 invisibilem
1625 4927 1863 4994 immo-exsolis
1876 4928 1949 4989 adn·

34 5023 37 5030 ’
158 5017 275 5082 starum
290 5015 486 5082 sanctionum
504 5013 596 5079 inerit
612 5012 817 5095 immutatum,
831 5036 893 5084 non
907 5029 1029 5100 propte·
1077 5020 1227 5085 latoribus
1249 5023 1281 5082 ιι
1295 5014 1528 5084 simulatoribus
1543 5013 1720 5086 connatam
1736 5025 1810 5074 narn
1822 5005 1949 5070 Cassan·

157 5108 211 5157 [θῦ
227 5109 336 5170 litem
352 5095 559 5172 interamnae
576 5097 660 5160 enlm
675 5101 757 5178 apud
772 5117 947 5180 cospecem
961 5119 1034 5168 esse
1078 5103 1135 5166 der
1149 5101 1236 5173 dicit,
1251 5100 1290 5162 ad
1305 5113 1407 5162 veram
1419 5095 1593 5160 Ecclesiam
1608 5092 1726 5171 roqrrirl
1747 5092 1835 5184 duo,
1857 5089 1950 5154 iidem

157 5188 253 5248 passe
270 5177 321 5254 gui
338 5179 427 5254 pacis
438 5178 509 5257 jura
524 5177 1030 5258 nescirentllldeTheodoretom,
1078 5186 1111 5250 in
1128 5183 1283 5247 Christum
1299 5186 1331 5241 et
1344 5195 1451 5259 pacem
1468 5193 1539 5240 curn
1555 5175 1793 5246 hemmenam
1808 5172 1949 5236 crudede-

157 5251 214 5328 ila.
230 5256 260 5318 2.
278 5257 351 5330 hist.
366 5275 434 5336 cap.
454 5257 539 5322 libet
555 5257 658 5330 thret
672 5263 889 5343 aripennus.
906 5269 1030 5344 copel.
1079 5266 1165 5330 ducit
1180 5279 1247 5339 aas,
1260 5263 1313 5342 qui
1329 5261 1482 5325 hostiliter
1507 5261 1701 5325 insectantur
1722 5254 1899 5328 Catholicae
1920 5261 1951 5326 ιι

159 5343 191 5404 al
206 5337 257 5414 33·Δ
275 5345 305 5403 ιι
319 5339 379 5405 hae
393 5341 498 5408 reram
524 5354 598 5406 essa
612 5347 713 5422 patuit
731 5347 765 5410 ln
780 5347 914 5413 concilio
929 5349 1031 5412 erlml·
1078 5349 1284 5418 Latberanos,
1301 5360 1363 5406 nan
1380 5359 1451 5406 asse
1467 5343 1506 5404 de
1521 5339 1676 5408 Ecclesia.
1693 5338 1752 5400 scd
1763 5351 1822 5400 aas
1834 5335 1946 5429 solum,

158 5420 277 5500 tlill813
294 5437 362 5484 nem
380 5438 449 5484 enm
465 5420 673 5502 simpliciores
693 5427 841 5494 Catholici
855 5430 895 5496 ab
910 5431 1030 5494 Arianis
1077 5433 1129 5508 nni
1146 5426 1493 5502 cumomnibuspacarn
1505 5423 1724 5514 bebanteergo
1736 5419 1949 5514 illigatione

160 5503 297 5583 denisii,
314 5518 428 5576 namen
440 5500 598 5584 epochen
613 5551 621 5581 ,
638 5509 808 5576 tollendum
834 5528 907 5576 csse
922 5514 1029 5578 decre
1077 5513 1117 5576 da
1131 5508 1284 5582 Ecclesia,
1302 5523 1364 5572 nun
1380 5512 1513 5586 possunt
1526 5518 1676 5570 essamsr
1699 5500 1827 5572 occulti,
1846 5504 1877 5561 et
1891 5517 1948 5579 qm

162 5585 303 5680 recent,
323 5586 510 5662 carmiani
538 5592 600 5676 tola
615 5589 691 5664 orbe
705 5597 855 5666 terrarum
871 5596 1029 5686 praedico·
1076 5609 1147 5668 cura
1163 5588 1327 5664 catholicis
1340 5589 1532 5662 stmulrntse
1546 5587 1654 5662 hostes
1668 5582 1917 5658 lutheranorum,
1935 5629 1945 5660 ,
