4086 6296
230 305 294 360 ‘tsi
974 305 1018 365 DE
1038 307 1147 370 tttcts

166 437 259 500 votus
274 436 543 532 coltosulmittis,
566 439 663 516 atque
684 435 940 502 nemeaeum
961 443 1037 503 tuae
1081 447 1168 510 illitu
1187 461 1260 511 suo.
1287 445 1376 510 Item:
1402 445 1545 527 ossium
1568 450 1687 532 impios
1713 463 1776 516 rem
1799 452 1948 532 sopiens.

166 519 282 582 salutis
303 525 494 599 suspectus,
526 534 629 597 inque
657 520 826 582 sumendis
847 521 1036 584 coelestibus
1081 528 1173 594 Porro
1188 530 1300 610 impios
1316 545 1387 592 esse
1413 531 1589 594 haereticos
1615 533 1721 612 nagan
1747 550 1809 598 nou
1832 541 1951 616 polest.

167 601 505 680 sacramentis,eisgue
515 603 553 695 ut
566 603 715 695 competit
726 603 949 680 disponendis,
962 605 1035 666 suti·
1079 610 1156 673 ltern
1171 615 1284 692 psalm.
1300 614 1331 674 2.
1345 613 1383 674 ltt
1396 627 1487 676 nuuc
1507 629 1598 694 reges
1620 616 1812 694 iutelligite,
1831 617 1948 680 smodi·

167 683 203 742 di
218 689 247 746 te
262 683 378 746 debere
393 696 560 760 capuceum
579 683 750 762 religionis
773 685 889 748 ordine
908 687 1031 763 potius,
1078 694 1175 768 mini,
1191 696 1250 776 qui
1257 694 1418 776 iudicatis
1432 701 1564 773 luvam,
1579 699 1695 762 servite
1708 697 1846 762 Domino
1856 701 1896 761 in
1911 700 1952 760 u·-

168 779 270 842 quom
291 779 451 844 processe.
475 763 560 824 liosti
574 764 686 843 itaque
700 767 788 828 iuter
808 767 888 829 liceo
904 784 948 830 em
962 769 1035 830 illo·
1079 791 1183 840 more.

166 860 243 941 rum
258 853 286 908 te
298 847 443 925 pendere
458 843 601 922 iudicio,
625 861 693 910 nou
713 847 787 910 illos
808 850 855 911 cd
879 855 971 912 tuom
984 867 1034 914 re·
1119 857 1310 938 Augustinus
1325 855 1417 937 epist.
1430 857 1482 922 50.
1505 859 1604 924 Aliter
1616 862 1725 934 seruit,
1742 861 1865 940 inquit,
1880 877 1952 925 rese

166 943 308 1022 ditm?e
322 929 535 1020 uotuntotem.
662 1011 668 1023 ⁸
1078 937 1155 1012 Deo,
1172 940 1254 1019 quio
1268 939 1363 1001 ltomo
1379 946 1434 1012 est,
1451 943 1548 1004 uliter
1573 945 1655 1021 quio
1682 960 1746 1007 rem
1771 950 1840 1020 est,·
1867 945 1954 1022 quio

209 1010 363 1106 Denique,
387 1007 527 1103 Christus
549 1009 722 1105 llvelcstam
745 1012 916 1106 regendam
945 1014 1034 1077 Petro
1079 1021 1174 1083 homo
1190 1022 1281 1094 est,ei
1294 1021 1542 1086 seruitvivendo
1556 1021 1707 1102 fidelitem
1723 1027 1889 1104 quievero
1904 1032 1952 1086 et-

169 1099 198 1153 et
214 1107 373 1186 episcopis
388 1096 554 1160 commisit,
571 1107 633 1186 nvn
649 1092 785 1168 Tiberio,
803 1103 834 1156 et
850 1096 920 1175 ejus
942 1112 1031 1174 prae·
1078 1103 1147 1164 iam
1160 1119 1225 1165 rem
1239 1109 1295 1172 est,
1312 1105 1420 1176 servit,
1439 1105 1625 1184 legesp'usto
1646 1108 1899 1185 praecipientes,
1919 1111 1954 1167 et

166 1176 266 1242 tectis.
283 1179 493 1252 etperaunos
509 1171 581 1234 suti.
598 1189 667 1240 stne
693 1177 766 1238 ullis
790 1177 918 1256 regibus
947 1177 1032 1241 Chri·
1078 1184 1247 1249 contentio
1259 1185 1491 1264 prohibentes,
1516 1190 1724 1252 conuenienti
1746 1191 1954 1267 uigoresuu·

167 1255 289 1326 silanis,
306 1254 445 1350 exeeptis
461 1256 671 1350 paucissimis,
700 1259 753 1336 qui
770 1259 817 1320 rel
846 1259 1033 1323 brevissimo
1077 1267 1207 1330 ciendo:
1222 1269 1307 1330 sicul
1320 1269 1451 1330 semion
1464 1269 1633 1346 Ezechias,
1658 1270 1748 1335 lucos
1774 1277 1804 1333 el
1825 1271 1952 1348 tunpto

166 1345 305 1416 tempore
320 1342 521 1414 imperarunt,
540 1342 573 1399 ut
585 1337 749 1418 Philippus
775 1339 905 1411 Caesar,
922 1342 969 1404 uel
983 1358 1033 1404 so·
1078 1348 1245 1412 idolorum
1257 1349 1470 1412 destruendo:
1484 1349 1571 1414 siem
1582 1353 1714 1417 servivit
1732 1367 1796 1416 reu
1809 1350 1917 1414 iosias
1937 1397 1946 1423 ,

166 1420 228 1480 turn
246 1421 276 1480 in
299 1420 400 1498 aliqua
414 1419 595 1497 prouincia,
620 1429 652 1481 ut
666 1419 780 1484 Lucius
804 1439 858 1484 rex
872 1422 1032 1486 Britanno·
1078 1430 1161 1494 tutio
1181 1432 1290 1509 etipse
1301 1431 1468 1508 faciendo:
1480 1433 1565 1496 siem
1578 1433 1951 1502 seruiutreettmiotto-

164 1517 244 1572 rum,
263 1500 437 1564 Ecclesiae
453 1500 530 1562 solis
552 1502 712 1580 episcopis
728 1510 759 1566 et
774 1505 964 1583 presbyteris
977 1521 1032 1586 op·
1076 1526 1163 1586 mim,
1178 1515 1368 1576 uuiversum
1383 1515 1544 1576 civilatem
1559 1518 1605 1580 od
1618 1516 1824 1596 ptoeondum
1838 1517 1950 1578 Domi·

166 1584 238 1647 lime
250 1583 421 1664 gubernate
437 1587 496 1646 est.
512 1580 588 1644 Vide
601 1592 721 1648 caetera
736 1586 815 1650 locis
829 1586 941 1649 citetis.
1075 1609 1159 1657 num
1172 1595 1408 1674 compellendo:
1423 1595 1508 1659 siem
1521 1600 1653 1662 servivit
1673 1599 1805 1668 varim,
1817 1598 1953 1660 idolum

1073 1676 1297 1755 inungendum
1310 1678 1349 1740 in
1361 1681 1552 1756 potestatem
1566 1679 1699 1744 Danieli
1723 1681 1851 1744 dmtdo:
1863 1679 1956 1742 sieut

1075 1759 1206 1822 servivit
1219 1757 1640 1834 Noluclodomsormmnes
1653 1762 1693 1826 iu
1704 1777 1806 1840 regnu
1820 1775 1881 1823 suo
1894 1777 1956 1839 po·

1075 1842 1153 1903 sitos
1165 1859 1187 1903 n
1201 1839 1454 1919 blasphemando
1470 1842 1533 1904 veo
1549 1843 1617 1922 tege
1628 1844 1765 1907 terribili
1776 1841 1956 1921 prohiben-

472 1935 592 2000 cppup
614 1935 721 2000 xum,
1076 1923 1171 1986 dulit
1181 1922 1296 1984 ibidem
1309 1921 1676 2002 subjungitiiuismenle
1686 1921 1957 2004 sobtiusregilrus

1076 2005 1176 2081 dicut,
1194 2004 1296 2067 Nolite
1310 2021 1428 2068 curare
1440 2006 1479 2068 in
1491 2021 1593 2084 regno
1603 2013 1746 2078 oestron
1758 2021 1824 2086 quo
1839 2012 1955 2069 leuen·

1077 2095 1142 2161 tur,
1158 2087 1209 2150 vel
1221 2093 1427 2165 oppugnetur
1441 2087 1588 2151 Ecclesia
1598 2089 1731 2152 Domini
1740 2089 1857 2152 cestii?
1879 2089 1958 2149 lllom

203 2173 293 2262 ¹ld
306 2201 536 2276 magistratum
548 2203 713 2280 pertimere
726 2202 949 2280 defensionem
1075 2169 1957 2333 3ssevssglaegfflfflfflssffgdwnffioffi

506 2299 688 2378 mimis·
1076 2333 1156 2396 dici:
1174 2332 1244 2395 iton
1258 2333 1304 2395 ud
1316 2296 1372 2394 u'os
1384 2333 1550 2410 pertineat
1562 2299 1728 2414 tu'regoo
1741 2339 1859 2410 vestro,
1877 2333 1958 2413 quis

1075 2416 1152 2478 velit
1167 2431 1234 2477 esse
1247 2415 1403 2492 pudicus,
1420 2416 1494 2494 guis
1506 2417 1711 2494 impudicus.

482 2547 490 2560 .
1118 2497 1277 2560 Praeterea
1291 2496 1322 2556 in
1336 2501 1521 2559 testamento
1537 2513 1617 2561 novo
1630 2497 1762 2576 space.
1778 2496 1958 2576 reprehen-

75 2635 78 2646 ,
205 2575 370 2640 Secundus
382 2591 468 2641 error
483 2585 531 2642 est
546 2579 689 2654 aliorum,
709 2579 763 2660 qui
785 2581 823 2643 ad
839 2581 968 2644 alterum
981 2598 1033 2645 ex·
1077 2577 1159 2641 ditur
1172 2578 1311 2658 Angelus
1327 2578 1478 2656 Pergami,
1497 2580 1580 2657 quad
1598 2579 1727 2642 haberet
1751 2580 1835 2658 apud
1847 2591 1883 2641 se
1898 2577 1958 2639 ali·

163 2664 294 2722 tremum
310 2658 526 2736 deflectentes,
554 2663 668 2725 docent
682 2678 774 2742 reges
786 2663 902 2725 debera
924 2679 1033 2726 curare
1077 2677 1156 2736 euos
1172 2666 1315 2723 tenentes
1330 2659 1503 2723 docuinam
1516 2659 1747 2736 Nicolailarum,
1770 2661 1958 2740 utlagatus

161 2742 386 2819 rempublicam
403 2759 503 2817 suam,
527 2750 558 2807 et
574 2760 683 2824 pacem
699 2744 876 2826 publicam3
900 2745 939 2807 de
959 2747 1031 2811 rell,
1076 2741 1251 2821 Thiatgrae.
1262 2741 1346 2820 quod
1363 2741 1555 2820 permitteret
1568 2743 1696 2806 lezabel
1711 2743 1866 2806 seducere
1883 2757 1954 2804 ser·

34 2849 50 2878 .
162 2822 255 2900 glane
271 2829 371 2886 autem
389 2840 452 2887 nou
466 2841 576 2888 aurare
591 2872 599 2901 ,
616 2831 671 2889 seu
694 2826 873 2906 permittere
899 2827 1035 2908 singulis
1076 2839 1132 2887 ros
1148 2824 1218 2887 Ilei.
1236 2822 1280 2884 lix
1293 2823 1408 2901 quibus
1423 2822 1588 2902 colligitur,
1608 2826 1730 2888 noxiam
1753 2839 1825 2888 esse
1841 2825 1955 2886 lisele·

166 2911 199 2966 ul
214 2906 350 2967 sentiant
365 2907 631 2986 pronissimum,
647 2914 678 2971 el
690 2909 792 2970 vivant
807 2914 839 2972 ut
856 2909 1031 2985 noluerint,
1077 2906 1155 2980 sies,
1172 2905 1352 2968 mixtionem
1368 2905 1594 2968 haereticorum
1610 2923 1681 2970 culn
1696 2905 1873 2970 catholicis.
1892 2906 1956 2968 llo·

161 2987 255 3052 modo
272 3003 332 3050 non
344 2990 529 3067 perturbent
544 3005 651 3068 pacem
668 2989 834 3068 publicam.
858 2990 894 3052 ln
910 2989 970 3053 huc
985 3007 1031 3054 er·
1078 3003 1162 3050 man.
1181 2987 1231 3049 lli.
1245 2986 1397 3066 jubentur
1412 2983 1578 3050 Christiani
1594 2987 1956 3052 declinarcliaeretlcvs

157 3083 227 3130 rore
243 3067 453 3133 lueruntolim
470 3072 655 3150 elnuiei,qui
671 3087 780 3134 omnes
796 3071 965 3152 religiones
980 3091 1033 3152 ap·
1078 3068 1177 3133 Galat.
1200 3070 1231 3132 5.
1250 3069 1390 3141 lilinum,
1416 3067 1529 3148 inquil,
1557 3068 1810 3144 abscinduntur,
1837 3069 1898 3130 lit.
1922 3070 1957 3130 1.

158 3150 301 3227 probant,
319 3156 350 3213 et
365 3153 502 3214 ιιιιιιιιιιιιι
526 3152 784 3231 philosophorum
807 3161 910 3215 sectas
925 3155 1033 3216 admit·
1078 3152 1219 3231 increpo
1232 3151 1305 3213 ilios
1320 3150 1539 3214 dureutsoui
1552 3152 1667 3214 sintin
1676 3149 1832 3231 {iduergc
1845 3165 1954 3230 reges,
2029 3183 2030 3204 ι

160 3232 275 3304 lebant,
295 3238 327 3294 ut
341 3233 470 3312 August.
488 3233 562 3296 dicit
577 3235 632 3296 lib.
657 3234 707 3296 18.
725 3236 763 3297 tle
779 3233 866 3297 Cirit.
891 3235 947 3298 [lei
963 3253 1032 3315 cup.
1077 3235 1130 3312 qul
1147 3240 1219 3296 sunl
1234 3232 1398 3296 Ecclesiae
1413 3232 1550 3305 nutricii,
1567 3231 1667 3296 isaiae
1688 3232 1957 3296 impendebant

160 3312 435 3376 mundaveritis
460 3316 518 3376 leo
534 3331 628 3377 serm.
646 3317 675 3378 l.
693 3318 731 3378 de
758 3319 873 3379 sanclis
898 3317 1035 3382 Petraei
1077 3316 1257 3394 permittere
1272 3314 1362 3377 islam
1388 3313 1617 3377 contusionem.

160 3394 267 3456 Paulo.
283 3395 369 3458 liceo
384 3401 495 3458 autem
506 3397 633 3468 civitas,
650 3399 937 3476 inanissimarum
951 3415 1034 3464 sune
1119 3395 1264 3460 Secundo
1279 3395 1427 3474 probatur
1442 3395 1632 3458 testimoniis
1649 3394 1833 3474 pontillcum
1847 3401 1879 3457 et
1898 3396 1957 3456 im·

159 3478 377 3555 provectionis
388 3483 569 3553 erectorem,
584 3495 753 3558 compens
766 3481 916 3544 omuibus
930 3483 1033 3546 domi·
1078 3484 1266 3556 peratorum.
1284 3477 1346 3542 tec
1361 3477 1454 3557 epist.
1472 3477 1524 3540 15.
1540 3477 1578 3539 ad
1594 3477 1734 3542 Leonem
1750 3479 1924 3556 Augustum
1944 3495 1954 3538 z

159 3564 300 3624 moretur
313 3559 472 3636 gentitus,
490 3563 641 3624 omnium
654 3563 803 3639 gentium
815 3563 974 3626 serviebat
985 3581 1034 3627 er·
1078 3559 1188 3634 Debes,
1205 3559 1317 3636 inquil,
1340 3560 1520 3639 imperator
1533 3561 1767 3624 incunctanter
1780 3559 1957 3623 advenere

160 3638 302 3712 roribus,
327 3646 357 3702 et
371 3642 605 3722 maguumsibi
624 3644 799 3708 uideuatur
821 3648 1035 3724 assumpsisse
1078 3643 1206 3720 regium
1217 3645 1406 3720 potestatem
1420 3640 1560 3706 tibicen
1581 3641 1688 3704 solum
1702 3641 1749 3705 cd
1769 3642 1956 3704 mundive·

159 3721 365 3800 religionem,
391 3725 620 3803 quianullum
643 3726 818 3805 respuebat
844 3727 1034 3803 sulsitatem.
1080 3725 1202 3802 gimen,
1225 3723 1284 3784 sed
1308 3724 1458 3786 maxime
1483 3724 1529 3785 od
1554 3723 1718 3784 Ecclesiae
1744 3724 1957 3801 genesidium

160 3801 199 3864 m
213 3803 404 3866 themistius
420 3806 640 3886 philosophus,
665 3819 698 3870 ut
713 3809 807 3870 relert
821 3809 963 3871 Socrates
978 3809 1034 3872 ltu.
1062 3871 1063 3876 ,
1081 3821 1150 3868 esse
1164 3805 1329 3878 collatum,
1345 3811 1382 3866 ut
1396 3819 1498 3867 cauus
1511 3803 1659 3880 nefarios
1680 3803 1952 3884 comprimendo,

161 3884 193 3949 l.
209 3884 284 3950 nist,
297 3900 327 3946 c.
349 3885 402 3948 21.
428 3886 548 3950 Valenti
574 3891 751 3969 imperaturi
774 3891 963 3968 persuadere
985 3909 1037 3956 oo·
1083 3892 1112 3950 vl
1126 3903 1211 3965 ultae
1226 3886 1306 3949 belle
1320 3890 1547 3952 suutstututa,
1563 3886 1750 3963 diremisti,
1780 3891 1811 3948 el
1835 3903 1953 3949 veram

161 3973 252 4030 natus
275 3974 334 4039 est,
351 3967 415 4030 [leo
431 3976 547 4048 gratnm
563 3985 636 4033 esse
659 3979 813 4034 sectarum
830 3974 1005 4034 varietatem
1024 4018 1032 4046 ,
1080 3985 1199 4047 paoem
1212 3967 1274 4042 itis,
1291 3983 1377 4048 quoe
1390 3975 1468 4031 suut
1482 3965 1625 4040 turbato,
1640 3969 1805 4030 restituas.
1822 3967 1954 4030 Anasta-

162 4049 234 4110 dum
248 4050 287 4110 lta
301 4049 445 4129 pluribus
463 4052 563 4114 modis
579 4053 702 4126 colitur,
725 4061 756 4115 al
770 4054 869 4132 pluris
885 4053 936 4123 sit,
960 4055 1032 4117 dum
1082 4048 1149 4112 sius
1164 4050 1204 4112 lt.
1221 4066 1301 4128 papa
1318 4049 1348 4111 iu
1359 4049 1491 4126 epistici
1506 4048 1701 4110 Anastasium
1716 4050 1951 4124 imperatorem:

162 4129 321 4194 dillleilius
337 4131 547 4214 cognoscitur.
564 4127 641 4198 lt'cm
668 4135 884 4198 haeresiarcha
908 4136 1033 4214 quidum
1081 4133 1157 4206 lloc,
1176 4133 1287 4210 inquil,
1303 4132 1482 4209 praecipue
1502 4131 1638 4194 insinuo
1663 4131 1834 4194 serenitati
1859 4137 1951 4198 luce.

163 4212 289 4274 nomine
302 4214 410 4276 rethor
422 4217 505 4293 opud
522 4216 728 4293 Augustinum
752 4216 829 4280 libro
845 4217 884 4280 de
897 4218 1032 4282 haeresi·
1077 4219 1115 4277 ut
1129 4229 1204 4276 cum
1215 4227 1352 4276 caussae
1366 4213 1669 4275 timondunomm
1688 4212 1859 4291 potuerim
1870 4213 1953 4290 pia's·

160 4294 233 4367 bus,
250 4309 322 4374 cap.
340 4295 390 4356 te.
404 4313 513 4360 omues
526 4303 628 4360 sectas
643 4299 731 4360 veras
744 4313 814 4360 esse
831 4299 947 4362 docuit.
1076 4295 1168 4358 simis
1184 4293 1320 4357 auribus
1333 4295 1458 4368 uestris,
1472 4295 1517 4356 od
1531 4293 1727 4356 catholicum
1741 4299 1771 4356 et
1783 4294 1953 4357 sincerum

202 4373 357 4453 lienique,
368 4378 452 4440 liene
463 4379 638 4442 libertatem
664 4381 827 4442 voluerunt
843 4386 873 4442 el
887 4381 1031 4444 obtinua-
1075 4375 1175 4456 iidem
1190 4393 1242 4439 eos
1257 4376 1451 4438 auctoritate
1465 4421 1473 4449 ‚
1488 4375 1667 4452 snpientia,
1691 4375 1881 4454 divinisque
1894 4391 1949 4437 ve-

164 4461 238 4518 runt
253 4456 397 4521 Germani
410 4476 491 4522 anno
505 4459 598 4522 liet.
615 4463 741 4539 quanda
758 4463 917 4541 principes
933 4463 1031 4541 impa-
1077 4461 1152 4522 stris
1166 4457 1334 4520 mansdatis
1347 4459 1456 4519 redire
1469 4457 1613 4533 semotis.
1630 4456 1748 4518 Similia
1763 4455 1859 4519 habet
1874 4457 1951 4520 Gre-

161 4538 199 4599 rii
217 4537 324 4616 Spirae
339 4543 520 4620 congregati
535 4543 669 4604 luerunt:
688 4549 720 4605 ot
733 4559 817 4605 nunc
832 4543 916 4606 idom
929 4545 1032 4608 terun-
1079 4541 1184 4620 gorius
1209 4539 1263 4600 lib.
1281 4538 1311 4600 tl.
1335 4539 1428 4617 epist.
1458 4537 1509 4600 so.
1533 4537 1571 4599 ad
1594 4553 1699 4614 regem
1723 4537 1873 4618 Augilas,
1891 4539 1949 4600 Ιιιι.

161 4628 211 4682 tur
222 4619 253 4681 in
269 4619 413 4685 Flandria
430 4631 547 4702 petora3
564 4638 693 4702 quorum
710 4632 891 4704 argumenta
904 4633 1034 4704 quatuor
1082 4624 1131 4684 tl.
1149 4622 1242 4700 epist.
1258 4620 1311 4682 lt.
1327 4622 1364 4681 ad
1388 4619 1545 4683 Leontium
1561 4621 1738 4698 lluguslam.
1763 4621 1880 4682 Similia
1897 4622 1952 4682 lia·

51 4753 53 4760 .
161 4702 331 4782 praecipue
346 4712 430 4767 sunt.
447 4704 560 4779 linum,
577 4707 658 4784 quod
676 4706 754 4770 lldes
776 4707 815 4768 sit
827 4707 938 4769 libera.
954 4708 1034 4769 lltc·
1080 4705 1133 4766 bet
1148 4703 1264 4780 lgnlllc
1280 4702 1310 4763 in
1327 4699 1460 4779 epistula
1473 4700 1510 4761 ad
1528 4699 1763 4765 Constantinum
1777 4701 1830 4763 lll.

161 4785 331 4865 rum-quod
348 4789 386 4848 sit
403 4787 518 4851 donum
534 4787 602 4850 Dei.
619 4787 853 4868 Tertiumqucd
872 4789 1033 4866 experien·
1121 4785 1213 4846 Porro
1243 4785 1445 4860 imperatores
1471 4783 1515 4862 pii
1546 4783 1630 4844 idem
1657 4789 1850 4859 senscrum3
1877 4799 1952 4846 nom

162 4867 204 4928 tls
221 4944 224 4950 Ι
262 4876 329 4932 ceat
344 4871 486 4950 cogendo
503 4869 579 4931 nihil
603 4869 723 4948 prolici.
752 4870 897 4943 Quartum
914 4915 922 4942 ,
948 4871 1031 4950 quod
1079 4866 1273 4930 Theudosius
1291 4867 1323 4927 t.
1341 4871 1471 4927 cunctos
1487 4865 1631 4944 populos,
1645 4863 1678 4927 G.
1691 4865 1731 4928 de
1746 4881 1867 4928 summa
1883 4865 1948 4925 'lri-

163 4947 327 5012 Christiani
339 4967 465 5033 semper
478 4951 614 5015 ludaeos
631 4953 913 5027 toleraverinteum
927 4956 1032 5016 tumen
1078 4949 1185 5020 nitate,
1199 4954 1231 5010 el
1244 4948 1306 5010 tide
1323 4946 1497 5018 catholica,
1515 4946 1660 5008 radicitus
1686 4947 1799 5010 evulsit
1824 4947 1952 5010 liberta·

164 5028 278 5092 curisti
295 5033 402 5096 hostes
417 5034 492 5098 sinl.
1079 5037 1140 5093 tem
1157 5030 1418 5106 crusciniacum
1435 5027 1531 5108 aliqui
1546 5028 1704 5106 principes
1726 5029 1951 5106 permiserant,

204 5113 238 5170 Αι
253 5113 304 5175 llio
319 5131 405 5178 error
420 5115 707 5194 perniciosissimus
723 5123 781 5187 est,
800 5120 830 5178 et
845 5115 914 5178 sine
938 5115 1033 5179 duilio
1080 5129 1115 5174 ac
1127 5113 1221 5193 iussit
1233 5125 1342 5173 omncs
1356 5109 1484 5174 eredere
1511 5125 1549 5170 ec
1571 5110 1663 5172 modo
1680 5155 1688 5183 ,
1711 5125 1775 5187 quo
1800 5125 1952 5173 romanus

163 5197 308 5259 tenentur
324 5197 481 5276 principes
497 5197 656 5259 christiani
673 5213 735 5260 non
766 5198 945 5274 permittere
959 5199 1033 5260 suli·
1079 5196 1220 5274 pontllcx
1247 5194 1339 5256 docel
1367 5207 1439 5254 esse
1469 5191 1671 5254 credendum.
1698 5191 1952 5256 Valentinianum

163 5276 236 5338 ditis
252 5279 317 5344 suis
333 5280 505 5341 libertatem
521 5280 692 5352 credendi,
710 5279 766 5341 sed
794 5279 868 5340 dara
883 5295 1032 5358 opernm,
1078 5277 1234 5355 Juniurem
1250 5275 1354 5338 laudet
1368 5272 1551 5336 Ambrosius
1577 5273 1607 5333 in
1635 5274 1776 5336 oratione
1798 5273 1949 5347 funebri,

163 5364 197 5418 ul
212 5373 248 5420 aa
265 5357 342 5423 tlues
358 5364 511 5435 serretur,
535 5377 628 5438 quam
654 5361 793 5440 episcopi
821 5361 977 5436 catholici,
1002 5368 1033 5424 at
1080 5359 1164 5438 quod
1181 5358 1295 5420 Romae
1310 5357 1462 5435 repetenti
1479 5358 1633 5434 antiquam
1651 5354 1825 5417 libertatem
1851 5355 1884 5416 in
1900 5371 1950 5416 re·

165 5441 333 5520 praecipue
345 5457 486 5504 summus
498 5443 637 5521 pontifex
653 5443 744 5506 docel
758 5459 830 5506 csse
855 5443 1031 5506 tenendam.
1080 5440 1197 5519 llgicne
1214 5487 1221 5514 ,
1240 5445 1273 5501 ιιι
1285 5439 1390 5501 colere
1406 5443 1511 5514 posset
1528 5435 1690 5498 sacrificiis
1705 5434 1799 5511 Deos,
1818 5436 1950 5500 tortissi-

166 5521 315 5586 Probatur
328 5523 426 5600 primo
439 5525 607 5603 Scriptura,
626 5525 771 5589 travam.
798 5525 849 5588 20.
878 5527 947 5588 Reae
976 5526 1035 5605 qui
1080 5538 1130 5586 me
1152 5521 1310 5584 restiterit.
1341 5519 1489 5583 Similiter
1514 5517 1681 5580 llartianus
1707 5515 1741 5579 C.
1769 5519 1894 5588 eodem,
1912 5518 1948 5579 L.

164 5603 301 5677 sedetin
315 5605 542 5691 eotrojuvtett,
557 5609 699 5685 dissipat
722 5623 818 5672 omne
842 5608 1032 5672 motumin·
1078 5609 1185 5682 Nemo,
1203 5619 1311 5674 severe
1326 5602 1482 5682 prohibet,
1500 5615 1540 5662 no
1562 5601 1633 5677 quis
1656 5615 1703 5672 ea,
1718 5617 1797 5678 quae
1820 5608 1894 5664 sunt
1917 5603 1949 5662 iu
