4110 6310
286 365 341 424 ego
887 357 931 412 DE
945 351 1138 411 ltthuthtsshs
1153 353 1351 412 stationali

210 497 375 577 prodesse,
392 498 439 562 vel
455 492 845 575 obesse,coeperontlieos
857 496 1066 554 contemnere.
1111 489 1207 552 lucro
1221 489 1266 552 cc
1281 492 1487 556 curvandam
1511 489 1676 570 infelicem
1702 490 1866 562 unimam,
1882 490 1987 570 quod

211 585 248 648 At
263 582 290 646 si
306 599 367 644 non
380 582 461 643 Deos
480 575 654 650 simulacra,
682 579 737 641 sed
761 576 912 655 imagines
936 574 1068 637 Deorum
1113 590 1158 646 os,
1172 573 1292 648 oculos,
1309 589 1416 648 ouras,
1430 575 1528 652 pedes
1542 573 1673 638 habeut:
1689 589 1791 652 quom
1805 575 1853 636 od
1874 574 1987 635 curri·

213 651 284 730 e'sse
308 664 525 736 credidissent,
543 660 734 740 atimagines
758 677 818 722 oon
831 656 982 738 proprias,
1012 657 1069 718 sed
1113 657 1265 734 gendum,
1282 657 1370 736 quod
1383 672 1452 720 uon
1466 657 1655 738 loquuntur,
1670 671 1776 734 oeque
1789 657 1985 727 uidcntmc-

212 747 398 828 analogicae,
423 762 482 806 neo
503 750 618 808 metum
643 743 831 815 amisissent,
848 757 907 804 nee
933 755 1067 803 errorem
1113 755 1175 820 quc
1190 740 1343 813 audiunt,
1359 756 1464 820 acque
1479 739 1659 803 ambulant.
1681 738 1800 802 Ibidem
1825 737 1983 818 Augusti-

211 833 414 903 inrenissent‚
438 825 771 906 quemadmodumoon
797 823 942 886 minuitur
970 828 1069 884 rnelos
1114 839 1173 883 nos
1189 822 1273 892 dicit,
1291 821 1321 882 in
1339 825 1461 902 templis
1482 822 1720 886 Christianorum
1746 837 1818 884 esse
1844 823 1984 901 quidem

213 912 399 994 principum,
432 927 490 972 nec
505 925 589 974 error
603 909 685 972 ullus
700 909 794 972 oritur
810 923 863 984 per
877 904 1027 984 imagines
1039 920 1071 966 e·
1112 921 1182 965 rasa
1196 919 1286 964 arinca
1302 910 1332 964 et
1345 911 1501 984 argentea,
1518 906 1575 968 sed
1591 921 1652 968 non
1666 903 1748 978 talia,
1766 919 1849 982 quae
1865 921 1903 966 os
1921 905 1980 964 ha-

215 996 376 1067 arundem,
394 1010 471 1070 qnos
486 994 624 1066 ridemus
640 991 788 1069 quodidie.
805 989 923 1052 Seneca
943 987 1024 1066 apud
1040 1003 1071 1048 o·
1113 988 1204 1051 beant
1219 991 1249 1049 et
1264 1002 1324 1048 non
1340 987 1512 1066 loquantur.
1543 986 1706 1052 Confirmat
1720 985 1812 1050 eliam
1828 1004 1867 1049 ex
1880 989 1912 1048 l.
1926 986 1982 1048 Jo·
2035 1043 2036 1060 ,

147 1117 149 1122 -
214 1080 327 1142 undem
353 1076 556 1156 Augustinum
585 1074 794 1153 conqueritur,
820 1073 981 1134 simulacra
1007 1069 1071 1130 [tiis
1108 1068 1301 1144 anullino,
1329 1069 1381 1130 ubi
1406 1069 1540 1152 loannes
1565 1088 1628 1134 non
1652 1069 1787 1150 dioit,nt
1814 1075 1983 1132 caecante

213 1161 287 1240 pd'ni
305 1159 578 1240 propter‘cnadem
593 1159 815 1234 erroremque
831 1154 1014 1233 putabantur
1026 1152 1072 1229 ip·
1115 1153 1198 1214 cultu
1221 1151 1463 1228 simulacrorum,
1480 1154 1568 1216 seda
1593 1151 1766 1216 simulacris
1795 1151 1887 1231 ipsis,
1904 1152 1983 1230 quia

214 1262 247 1306 sa
263 1243 427 1304 simulacro
443 1241 503 1315 liii,
518 1241 566 1302 rel
583 1245 666 1302 certe
677 1239 726 1301 Ilii
751 1238 924 1300 simulacris
954 1237 1015 1298 illis
1030 1234 1072 1296 si·
1116 1235 1261 1297 nimirum
1278 1251 1338 1296 noo
1355 1241 1485 1314 possunt
1499 1237 1606 1300 haberi
1622 1237 1653 1298 io
1670 1235 1797 1314 tempto,
1814 1237 1891 1316 quio
1904 1235 1983 1298 ado·

213 1327 303 1390 miles
315 1322 545 1406 judicabantur.
567 1320 717 1400 Origenes
746 1326 776 1382 el
803 1319 1024 1392 Damascenos,
1042 1321 1073 1378 et
1116 1323 1232 1380 rentur.

213 1410 317 1472 Patres
346 1407 467 1474 nicaeni
493 1405 712 1483 loquuntorde
741 1403 875 1482 imagine
898 1402 954 1466 Dei
982 1399 1074 1481 primi
1158 1399 1268 1473 Quarto
1284 1399 1401 1477 probat,
1429 1401 1500 1480 quia
1527 1402 1640 1480 templa
1666 1411 1739 1468 suot
1765 1401 1906 1468 instituta
1924 1413 1984 1494 pro

214 1490 349 1572 generis.
419 1552 420 1558 ,
1117 1482 1304 1560 imaginibus
1318 1482 1394 1544 rivis
1408 1483 1578 1548 eticooicis
1595 1531 1603 1559 ,
1620 1490 1711 1563 atquo
1723 1505 1739 1548 a
1751 1488 1816 1551 lieo
1828 1484 1984 1547 instituas

257 1575 302 1636 Ad
329 1576 470 1651 quartum
485 1569 554 1632 dico
568 1569 681 1631 Primos
697 1567 722 1630 A
748 1567 872 1630 Calvino
900 1564 1011 1646 injuria
1028 1579 1075 1626 re·
1118 1567 1311 1642 quoles-sunt
1324 1565 1562 1644 baptismusqui
1578 1573 1626 1632 est
1640 1567 1739 1650 imago
1755 1572 1898 1634 internae
1910 1582 1985 1628 san·

215 1656 367 1736 prehendi
382 1652 632 1736 b,·ilrcgorium;
654 1669 724 1714 nem
739 1652 772 1714 b.
802 1651 977 1729 Gregorius,
1004 1662 1075 1712 cum
1118 1646 1310 1710 ctiiieatioois
1339 1649 1509 1728 etgraliae3
1526 1654 1556 1712 el
1571 1667 1657 1713 sacra
1683 1668 1792 1726 coena,
1823 1665 1906 1730 quae
1938 1652 1987 1710 est

218 1741 259 1804 ait
274 1738 407 1816 pictores
422 1735 519 1798 libros
534 1750 604 1796 asso
619 1734 857 1808 idiotarum,non
873 1732 934 1812 agit
948 1731 987 1794 de
1003 1732 1075 1792 ima·
1118 1729 1218 1808 imago
1234 1731 1371 1808 corporis
1383 1731 1599 1796 Dominizsioot
1613 1749 1686 1812 ergo
1700 1738 1816 1816 templa
1831 1736 1987 1796 ornantur

215 1821 367 1902 gincDoi,
384 1820 441 1882 sed
456 1819 494 1880 de
510 1817 696 1894 imaginibus
722 1823 907 1890 sanctornm,
924 1831 959 1876 ao
981 1813 1076 1893 polis·
1120 1811 1187 1874 istis
1211 1811 1286 1873 viris
1311 1813 1535 1892 quodammodo
1548 1815 1745 1894 imaginibus,
1773 1821 1813 1882 ita
1841 1817 1985 1880 debone-

214 1905 325 1968 simom
341 1905 381 1966 de
393 1899 531 1968 historiis
551 1899 694 1978 depictis,
726 1899 838 1974 quibos
867 1900 1010 1978 mysteria
1026 1911 1073 1958 rc·
1118 1895 1432 1974 slaotorimagioibus
1447 1899 1573 1961 mortuis
1589 1904 1650 1961 etc.

215 1985 401 2065 demptionis
423 1983 629 2044 continentur.
658 1982 827 2060 Prophetae
853 1987 965 2052 entem,
996 1995 1075 2058 qnos
1159 1976 1279 2061 Quinto,
1299 1979 1406 2056 probat
1420 1980 1474 2041 lib.
1490 1980 1520 2044 t.
1538 1998 1605 2058 cap.
1621 1981 1653 2044 a.
1670 1982 1730 2062 qli.
1747 1979 1981 2062 epriphanio

215 2069 344 2149 opponit
357 2067 499 2130 Calvinus
516 2063 673 2142 Gregorio,
690 2080 759 2124 oum
776 2063 1013 2140 dieunt,iignum
1027 2077 1076 2124 es·
1120 2061 1153 2122 in
1169 2061 1260 2137 epist.
1276 2061 1313 2122 ad
1329 2060 1476 2124 loannem
1492 2063 1716 2144 hierosolymit.
1732 2066 1785 2128 nbi
1801 2066 1891 2136 dicit,
1909 2079 1984 2124 con·

218 2154 422 2216 seductorem
439 2147 589 2218 vertitatis,
607 2147 654 2208 aei
670 2146 833 2218 mendacii,
851 2147 889 2207 de
902 2144 1076 2206 simulacris
1117 2150 1162 2205 tra
1178 2144 1352 2220 scripturae
1367 2146 1577 2208 auctoritatem
1593 2163 1675 2222 esse,
1692 2151 1774 2229 quod
1789 2147 1822 2210 in
1837 2145 1984 2208 Ecclesia
2035 2175 2036 2188 .

217 2236 362 2298 iuisorom
378 2233 523 2305 Deorum,
547 2244 608 2292 non
621 2229 660 2290 de
674 2229 755 2290 ueris
770 2235 946 2291 sanctorum
971 2227 1076 2308 imagi·
1118 2226 1252 2306 pendeat
1265 2225 1365 2304 imago
1394 2229 1539 2304 hominis3
1556 2235 1586 2290 et
1613 2229 1750 2311 loquitur
1764 2232 1803 2293 de
1830 2229 1984 2307 imagine,

219 2318 312 2378 nibus
326 2317 503 2392 loquuntur.
1121 2325 1211 2389 quarn
1227 2307 1295 2386 ipsa
1310 2310 1384 2371 dicit
1397 2309 1493 2372 luisse
1509 2310 1631 2386 Christi,
1649 2316 1697 2376 vel
1713 2313 1810 2377 sancti
1831 2311 1983 2390 alicujus.

258 2399 333 2461 Dino
349 2397 499 2459 secondo:
515 2393 599 2456 idola
615 2391 738 2471 quidem
752 2409 822 2454 esse
838 2393 980 2455 doctores
992 2407 1077 2454 men·
1161 2390 1251 2452 Sexto
1266 2391 1381 2454 addunt
1394 2393 1456 2469 olii,
1474 2398 1554 2472 quod
1571 2395 1719 2459 Adrianus
1734 2397 1906 2474 imperator
1918 2395 1929 2470 (
1941 2401 1985 2455 to·

220 2481 311 2552 daroii,
330 2481 400 2559 quia
417 2479 521 2539 solunt
535 2477 631 2538 videri
646 2476 757 2547 thimei
773 2481 856 2538 carle
876 2475 1017 2537 videnlur
1031 2491 1077 2536 rc·
1122 2481 1169 2538 sle
1184 2473 1269 2537 Aelio
1286 2475 1455 2552 Lampridio
1471 2477 1502 2538 in
1518 2477 1574 2538 rita
1590 2479 1749 2541 Alexandri
1764 2476 1987 2558 imperatoris)

222 2564 446 2628 scarabeorum
463 2559 607 2636 eillgiem,
625 2573 781 2620 comeare
798 2573 859 2621 nou
885 2557 1027 2618 reserant:
1045 2557 1080 2620 tt
1123 2555 1293 2635 ingratiam
1314 2555 1553 2624 Christianorum
1581 2563 1695 2641 templa
1721 2561 1853 2642 iusserit
1867 2558 1987 2622 exstrui

222 2645 323 2724 imago
340 2646 392 2706 liei
408 2650 442 2704 et
452 2641 617 2713 Trinitatis,
634 2647 696 2703 ιιι
713 2640 964 2718 nobispiogilur,
975 2643 1081 2702 doctor
1123 2640 1191 2701 siue
1205 2637 1389 2701 simulacris.
2035 2713 2036 2718 ἵ

220 2735 267 2791 est
278 2725 424 2796 veritalis,
440 2725 509 2803 quia
525 2739 627 2801 neque
642 2723 773 2786 habetor
786 2739 841 2801 pro
856 2724 918 2786 lieo
934 2741 948 2784 a
976 2722 1078 2796 nobis,
1163 2720 1246 2783 llaec
1262 2729 1333 2784 sont
1347 2723 1467 2785 illorum
1484 2732 1674 2802 argumenta,
1691 2727 1803 2807 quibos
1818 2731 1927 2788 tamen
1946 2723 1989 2784 ni·

220 2807 421 2890 oequehtad
437 2805 629 2870 referendam
655 2805 710 2868 lloi
728 2805 859 2881 affigam,
888 2807 941 2868 sed
959 2807 994 2867 ad
1010 2822 1079 2883 per·
1121 2803 1165 2865 hii
1182 2805 1288 2872 territi,
1318 2805 1486 2868 asserimus
1515 2824 1666 2888 nosquam
1690 2810 1813 2882 melios,
1843 2823 1939 2886 qoem
1957 2808 1987 2868 in

220 2891 568 2956 dueendnmhuminem
584 2889 614 2950 in
631 2887 834 2968 aliqnanrltei
860 2889 996 2950 notitiam
1025 2903 1081 2967 per
1124 2887 1247 2966 templis
1275 2887 1427 2968 imagines
1452 2895 1627 2954 sanctorum
1652 2891 1808 2954 collocari.
1836 2889 1989 2952 Probatur
2035 2897 2036 2980 t

221 2975 396 3054 analogicus
411 2971 640 3037 similitudines.
1126 2969 1234 3048 primo,
1252 2971 1323 3046 quia
1336 2972 1365 3032 in
1382 2971 1575 3036 Testamenta
1589 2975 1696 3048 veteri,
1722 2973 1847 3053 quondo
1875 2972 1987 3034 Judaei
2035 2983 2036 3018 ι

261 3058 304 3118 Ad
332 3056 484 3134 quintum,
508 3056 570 3134 jam
596 3053 789 3116 ostendimus
819 3053 1080 3130 quemadmodum
1125 3053 1360 3131 propensissimi
1374 3055 1411 3116 ad
1429 3055 1630 3118 idololatriam
1646 3058 1777 3132 erant,io
1793 3055 1990 3133 temploine·

224 3140 308 3219 pingi
326 3141 484 3216 possitres
499 3137 693 3215 incorporea.
1126 3141 1196 3200 runt
1210 3135 1361 3213 imagines
1372 3137 1533 3210 cherubin,
1550 3137 1645 3202 Exodi
1661 3139 1711 3202 25.
1729 3147 1758 3201 el
1771 3140 1802 3201 3.
1820 3139 1898 3216 hag.
1915 3137 1948 3198 o.

263 3224 304 3282 Ad
322 3222 474 3292 ultimum,
491 3220 573 3297 pingi
591 3219 691 3280 solent
705 3216 856 3289 absentia,
874 3217 1017 3296 quianon
1040 3217 1082 3280 ri·
1168 3217 1324 3293 Secundo,
1341 3219 1486 3296 probator
1500 3237 1537 3284 ex
1559 3223 1784 3284 ‹consuetudine
1811 3221 1986 3288 Ecclesiae.

222 3304 344 3366 dentur:
361 3303 444 3364 Deos
459 3307 557 3362 autern
575 3301 646 3362 licet
660 3301 699 3363 sil
726 3315 885 3378 praesens.
906 3308 1006 3362 tamon
1021 3317 1083 3362 non
1127 3303 1205 3378 qliae
1222 3301 1276 3362 luit
1291 3300 1398 3378 primis
1413 3301 1591 3384 quingentis
1605 3306 1706 3374 annis,
1724 3313 1756 3365 nt
1770 3307 1921 3383 appareat
1936 3305 1988 3364 im·

224 3386 354 3459 ridetur,
371 3385 441 3448 ideo
455 3385 539 3464 pingi
565 3390 678 3462 potest,
695 3400 731 3456 aq
746 3383 772 3444 si
801 3383 936 3445 abesset.
962 3384 1083 3461 Alioqui
1128 3383 1250 3462 pudens
1266 3381 1380 3445 Caluini
1407 3387 1612 3488 ruendacioqr.
1638 3387 1846 3450 Tertullianus
1860 3388 1894 3448 in
1912 3386 1988 3447 libro

224 3485 283 3531 oce
298 3472 453 3547 oporteret
468 3483 554 3528 orare
583 3467 678 3528 ileum
703 3481 778 3528 voce
807 3466 969 3542 exteriora
992 3483 1083 3528 voces
1129 3466 1167 3526 do
1184 3465 1339 3543 pudicitia,
1357 3474 1426 3528 ante
1443 3455 1589 3542 medium,
1605 3469 1653 3532 bis
1678 3475 1818 3543 testatur,
1835 3471 1868 3530 in
1892 3469 1988 3530 sacris

228 3551 311 3614 onim
327 3557 399 3614 sunl
413 3555 538 3628 proptor
554 3565 620 3621 ιιι,
638 3548 689 3628 qui
708 3564 770 3610 non
796 3547 952 3610 intuentur
973 3550 1084 3628 cogita·
1130 3549 1278 3610 calicibus
1310 3549 1468 3614 Ecclesiae
1500 3553 1681 3628 catholicae,
1707 3552 1869 3632 depictum
1892 3551 1988 3613 inisse

232 3634 559 3712 liones31lousaotem
576 3636 726 3696 serutatur
738 3645 829 3694 renes
845 3632 990 3704 etcorda,
1130 3629 1283 3696 Christum
1300 3631 1330 3692 in
1346 3632 1440 3694 lorma
1466 3635 1597 3713 pastoris
1625 3651 1712 3698 orent
1743 3643 1896 3698 errantem
1925 3635 1988 3695 sois

1129 3713 1266 3776 humeris
1282 3715 1465 3810 reportantis
1480 3717 1517 3778 ad
1543 3719 1635 3793 orile;
1652 3724 1688 3814 el.
1699 3725 1756 3779 tam
1772 3722 1837 3811 erat
1851 3715 1882 3778 id
1907 3732 1987 3810 eom·

558 3859 673 3925 cun
695 3859 748 3924 rx.
1010 3883 1013 3892 =
1129 3798 1665 3962 hilirhltllth,tilithi
1680 3797 1988 3959 stultitiast!

291 3990 294 3996 2
439 4035 445 4048 Ι
524 4035 530 4048 .
670 4036 676 4048 Ι
1128 3961 1765 4046 bandumpoenitentiam'ctiamgravium
1789 3963 1984 4038 delictorum,

339 4029 503 4114 Imagines
516 4050 554 4097 en
565 4035 691 4116 temptas
703 4039 788 4098 reete
802 4035 965 4100 catiacum.
1128 4045 1160 4106 in
1175 4043 1312 4106 Ecclesia
1328 4047 1468 4108 concedi.
1484 4047 1519 4108 At
1533 4055 1616 4110 carte
1644 4049 1757 4111 culices
1785 4047 1867 4110 sacri
1880 4048 1915 4108 in
1930 4047 1985 4108 Ec·

443 4157 445 4165 ·
536 4181 538 4186 .
1128 4128 1871 4210 alesia,etiniocomaximesaoroponisolent.

265 4210 400 4272 Alterum
418 4206 532 4270 calvini
547 4208 674 4282 diatoni,
690 4209 772 4286 quod
789 4207 938 4288 imagines
954 4225 1015 4272 nou
1030 4209 1083 4272 de·
1168 4212 1355 4274 sozomenus
1379 4211 1434 4273 lib.
1451 4211 1481 4272 5.
1512 4230 1580 4291 cap.
1596 4213 1648 4276 20.
1666 4219 1697 4276 at
1721 4213 1913 4292 Nicephorus
1931 4211 1985 4274 lib.

225 4293 318 4356 beant
333 4292 404 4370 poni
420 4293 452 4350 in
465 4291 598 4373 templis,
628 4291 738 4372 probat
762 4291 829 4371 ipse
858 4292 1082 4364 lib.l.1nslit,
1130 4292 1180 4355 th.
1197 4310 1264 4370 cap.
1288 4292 1339 4354 30.
1370 4293 1508 4356 scribunt
1531 4301 1669 4373 tempore
1690 4294 1804 4359 loliani
1832 4301 1985 4373 apostalae

224 4393 292 4452 cop,
311 4375 360 4436 tl.
379 4373 490 4448 Primo,
507 4373 576 4453 quia
594 4373 700 4451 primis
715 4377 894 4454 quingentis
916 4378 1004 4438 annis
1020 4391 1083 4438 nou
1128 4381 1256 4438 statuam
1272 4374 1395 4451 Christi,
1424 4391 1502 4455 quae
1527 4377 1607 4455 opud
1633 4378 1805 4442 Paneadcm
1830 4377 1985 4450 sacratio

223 4459 348 4522 inerunt
363 4457 444 4518 ullae
459 4455 609 4534 imagines
624 4459 656 4518 in
673 4457 795 4536 templis
811 4458 1063 4522 Christianorum.
1127 4459 1275 4536 templum
1291 4475 1307 4518 o
1324 4457 1504 4522 Christianis
1518 4460 1735 4524 introductam.
1750 4459 1837 4534 Quod
1849 4468 1934 4522 certe
1945 4461 1985 4520 ia·

267 4539 421 4611 Secundo,
448 4539 518 4616 qnia
544 4539 708 4610 concilium
724 4541 922 4615 elibertinum
946 4558 1016 4603 can.
1032 4541 1083 4604 36.
1128 4547 1210 4603 etum
1226 4547 1273 4602 est
1288 4547 1358 4603 ante
1374 4557 1486 4602 annom
1515 4541 1638 4606 Domini
1662 4543 1734 4606 500.
1765 4542 1888 4610 eumad
1916 4559 1984 4603 eom

226 4621 372 4702 prohibet
386 4623 521 4700 picturas
534 4620 563 4682 in
579 4623 703 4699 templis
718 4622 796 4686 lieri.
1129 4640 1241 4684 annum
1258 4623 1446 4686 Souamenos
1461 4640 1523 4686 non
1548 4627 1733 4703 pervenerit.
1761 4623 1915 4689 Eusebius
1930 4625 1983 4688 lib.

267 4704 380 4780 Tertio,
398 4703 468 4782 quia
485 4719 546 4766 non
572 4712 673 4781 potest
684 4705 784 4783 imago
799 4706 830 4767 in
857 4705 971 4784 templo
986 4705 1017 4767 in
1033 4721 1085 4768 so·
1129 4705 1159 4768 t.
1176 4712 1207 4767 et
1220 4706 1252 4769 i.
1269 4706 1306 4768 de
1322 4707 1379 4768 rita
1396 4705 1595 4781 Constantini,
1613 4708 1732 4783 dicit,in
1746 4707 1870 4787 templis
1882 4723 1898 4766 a
1910 4706 1984 4769 coo·

224 4787 313 4856 blimi
343 4787 411 4848 loco
426 4854 427 4862 ,
441 4787 543 4860 statui,
571 4791 645 4868 quin
676 4791 776 4850 statim
803 4789 937 4868 erigatur
960 4789 1083 4868 signum
1129 4789 1262 4852 slentino
1278 4789 1440 4852 exstructis
1454 4789 1485 4850 io
1501 4791 1682 4860 Palaestina.
1702 4792 1797 4856 luisse
1826 4789 1983 4852 maximam

222 4869 376 4949 quoddam
391 4869 593 4931 idololatriac.
621 4869 705 4941 ilani,
722 4877 755 4934 ot
769 4870 800 4931 b.
830 4870 1016 4951 Augustinus
1031 4872 1083 4952 ait,
1129 4875 1250 4948 copiam
1265 4871 1430 4951 imaginum
1447 4889 1606 4936 aureorum
1622 4880 1652 4937 et
1667 4880 1891 4954 argenteorum.

224 4952 352 5030 epistola
370 4951 420 5014 te.
440 4951 518 5014 Cum
532 4951 582 5017 bis
595 4952 725 5016 sedibus
741 4955 890 5018 locuntur
909 4954 1086 5024 honorabi-
1170 4953 1377 5018 Nazianzenus
1392 4954 1482 5033 epist.
1498 4956 1550 5018 tlt.
1566 4956 1602 5018 ad
1619 4957 1804 5036 Olympium,
1821 4954 1981 5032 conqueri·

227 5034 252 5096 ιι·
264 5035 472 5105 sublimitate,
488 5039 525 5096 ot
540 5052 560 5098 o
573 5035 790 5114 preeuntibus,
806 5039 1084 5116 olqucimmolou-
1130 5042 1189 5110 tor,
1207 5038 1286 5116 qood
1303 5038 1407 5100 civitas
1421 5037 1682 5102 Diocaesariensis
1707 5039 1871 5100 avertenda
1887 5046 1980 5111 esset,

155 5135 157 5138 ·
226 5115 310 5182 etha
337 5119 570 5196 attendantur,
600 5119 675 5196 ipso
698 5119 1085 5187 similitudiueoaimoto-
1130 5119 1482 5198 inqoaipsetemplnm
1506 5121 1633 5184 mirilico
1662 5121 1983 5197 exornarahetaddiq

225 5214 301 5260 runa
313 5200 541 5276 mensurarum,
558 5205 655 5280 atque
670 5217 835 5274 sensuum,
852 5204 999 5282 quamuis
1014 5219 1085 5266 sco·
1131 5202 1236 5281 Neque
1252 5205 1340 5264 cutm
1352 5204 1382 5266 si
1395 5209 1520 5266 statuae
1548 5205 1756 5286 dejiciuutur,
1782 5203 1842 5266 boc
1855 5219 1915 5266 reos
1929 5219 1984 5266 aar·

226 5296 276 5353 eu,
295 5287 323 5342 cl
338 5285 453 5346 aalma
467 5291 611 5354 corconi,
628 5282 776 5362 afficirent
788 5283 933 5363 iufirmoe
945 5287 1084 5360 animos,
1131 5287 1265 5356 eructat,
1283 5287 1410 5348 clinutsi
1424 5287 1549 5365 alioqui
1563 5290 1742 5361 euemciot,
1757 5303 1870 5351 aarum
1885 5291 1943 5348 etc.

228 5369 266 5428 ιιι
280 5365 387 5426 uiuae
403 5381 441 5430 oc
455 5369 583 5444 spirare
596 5368 783 5430 arideootur.
801 5367 875 5429 ilem
889 5369 918 5430 in
933 5368 1086 5447 psattli.
1173 5367 1323 5431 Damasus
1338 5371 1368 5430 in
1384 5371 1443 5430 vita
1459 5369 1603 5448 Splvestri
1619 5371 1737 5442 scribit,
1754 5369 1984 5432 Constantinum

229 5445 546 5524 Bononiensemque
575 5458 742 5530 contorquet
770 5453 1008 5530 quodammodo
1027 5451 1088 5512 itta
1133 5450 1164 5512 in
1180 5453 1260 5524 loco,
1278 5453 1328 5514 ubi
1341 5453 1438 5514 iuerat
1462 5451 1640 5529 baptizatos,
1665 5452 1808 5532 posuisse
1823 5469 1934 5532 agnum
1949 5469 1984 5514 ox

227 5525 336 5606 figura
349 5529 615 5600 ncombrorummt
629 5535 760 5596 ostiarus
773 5535 811 5598 in
826 5550 956 5614 corpore
976 5535 1086 5596 uiua-ns
1133 5549 1205 5595 auro
1222 5535 1398 5612 purissimo,
1415 5536 1450 5596 ad
1467 5536 1621 5598 dextoram
1637 5537 1721 5616 agni,
1737 5542 1864 5598 statuam
1879 5551 1985 5614 argen-

225 5613 330 5690 magis
346 5611 650 5678 cabilonica'sealirc
665 5632 792 5695 corpus,
811 5620 898 5695 quod
912 5633 971 5678 suo
985 5619 1086 5678 simil·
1131 5624 1208 5678 toanr
1226 5617 1400 5694 Salvatoris3
1416 5618 1451 5680 ad
1468 5617 1582 5680 laesam
1597 5625 1710 5694 autom,
1727 5625 1855 5680 statuam
1879 5635 1983 5698 argeu-

228 5695 342 5769 litmtul
355 5695 441 5762 uidet
456 5701 513 5758 cto.
531 5695 567 5758 Et
579 5698 670 5760 Paulo
682 5705 761 5777 post:
779 5699 854 5764 Piae
869 5701 1086 5764 uolanteimu·
1132 5707 1210 5764 teani
1225 5699 1352 5764 loannis
1367 5700 1528 5780 Baptistae.
1546 5700 1578 5766 ln
1594 5701 1731 5766 Ecclesia
1742 5708 1843 5772 autam
1854 5701 1920 5781 ipsa
1932 5701 1982 5764 La·
