4098 6294
290 399 342 456 lea
969 389 1013 446 bt
1032 385 1238 446 lbnbntotrtu

215 533 252 596 od
268 547 435 602 summum,
451 543 522 594 esso
538 523 768 605 dispositioncs.
786 523 827 584 lta
839 519 968 585 liicbiicl
982 521 1074 601 Bajas
1119 526 1166 584 cst
1181 520 1210 582 io
1226 521 1347 600 culpam
1373 520 1511 583 incidere
1525 567 1533 595 ,
1549 521 1605 586 sed
1621 525 1690 600 posi
1715 517 1793 581 bauo
1809 517 1899 581 ritam
1916 535 1982 582 non

214 616 269 679 lib.
287 616 325 677 de
339 610 541 692 indulgentiis
556 626 624 686 cap.
641 608 759 682 ultimo,
770 620 848 685 quae
863 605 1015 668 sententia
1028 621 1073 668 er·
1092 658 1101 677 ,
1118 609 1249 684 possunt
1263 603 1382 665 animae
1398 607 1587 667 committere
1602 602 1730 666 venialia
1745 601 1983 681 peccataPrae-
2038 634 2041 687 ;

212 715 305 762 ronan
332 697 404 758 mibi
422 695 562 767 ridetur,
579 707 648 754 nom
665 690 818 769 Scriptura
842 695 872 750 et
887 688 989 750 Patres
1004 704 1072 766 pas·
1118 694 1199 750 terea
1216 691 1341 766 peccata
1356 689 1456 750 omnio
1468 689 1663 752 remittuntur
1675 685 1980 764 perpoenitentiam,

213 782 272 844 sim
287 784 395 844 rooaut
411 783 511 840 nostra
527 791 619 855 opera
636 771 872 842 satisfactiones,
888 777 919 832 et
934 777 1073 849 peccato·
1117 769 1172 830 sed
1189 775 1257 848 post
1273 770 1351 830 bane
1366 771 1455 831 vitam
1471 787 1532 832 noo
1548 775 1596 832 est
1610 768 1881 849 poeaitentia3uam
1895 768 1982 830 idem

212 881 280 930 rum
306 861 545 939 redemptiones.
564 857 682 920 Deinde
707 856 732 918 si
748 858 850 934 potest
863 854 956 917 bomo
969 852 1072 933 justos
1118 860 1165 914 cst
1179 850 1357 913 bominibus
1380 869 1483 924 mors,
1501 851 1582 933 quod
1598 853 1718 931 angelis
1743 865 1835 912 casos
1850 901 1858 926 ,
1874 857 1908 913 ut
1923 851 1983 912 Da·

213 947 279 1009 suis
294 945 439 1024 oporibus
454 942 566 1004 mereri
582 941 620 1002 de
636 939 790 1016 condigno
803 937 891 998 ritem
905 943 1071 1009 aeternam,
1118 949 1280 996 masueous
1306 934 1380 995 dicit
1397 935 1451 997 tib.
1468 935 1498 996 2.
1521 953 1589 1015 cap.
1605 935 1637 997 ι.
1654 933 1714 998 Sed
1741 933 1843 1009 angeli
1859 949 1917 1012 per
1930 953 1985 994 ca·
2005 987 2009 998 .

213 1045 268 1090 cur
284 1043 344 1088 non
360 1025 536 1088 satisfacere
551 1039 606 1102 pro
623 1037 721 1101 poena
738 1019 911 1100 temporali,
929 1019 1010 1098 quod
1026 1023 1075 1080 cst
1117 1033 1185 1078 sum
1201 1015 1269 1078 iacti
1286 1023 1359 1078 sunt
1372 1017 1547 1083 immobiles
1565 1021 1594 1079 in
1610 1016 1860 1096 matoaebeniqoe
1873 1017 1904 1078 in
1922 1017 1982 1078 bac

217 1108 334 1172 atinus?
433 1175 434 1182 ,
1116 1100 1174 1161 rita
1189 1145 1196 1172 ,
1214 1100 1293 1161 sicut
1309 1105 1409 1178 potest
1424 1102 1514 1162 bomo
1528 1101 1630 1181 justus
1645 1099 1757 1160 mereri
1774 1101 1888 1178 gratiae
1904 1115 1982 1177 aug·

254 1191 415 1256 Secuttdus
430 1195 478 1254 est
492 1188 632 1261 eliorum,
647 1187 731 1264 qnod
746 1184 808 1247 sint
822 1184 922 1260 dnae,
940 1181 995 1246 sed
1012 1199 1071 1244 una
1117 1184 1313 1256 menturn‚ita
1330 1183 1421 1244 etiam
1436 1184 1651 1245 remissionem
1665 1183 1829 1244 venialium
1846 1179 1983 1243 offensa-

213 1276 249 1337 ab
265 1276 357 1336 altera
375 1273 581 1353 ponderemur
598 1271 707 1333 modus
722 1284 783 1330 uon
800 1265 1003 1331 rideturmibi
1017 1265 1072 1326 iru-
1117 1283 1196 1327 rom.
1213 1265 1246 1326 tt
1262 1269 1332 1344 post
1357 1266 1436 1348 banc
1452 1267 1540 1327 ritarn
1557 1266 1674 1328 nultum
1701 1273 1749 1326 cst
1764 1265 1917 1326 meritum.
1934 1265 1981 1325 De
2042 1257 2043 1344 3

212 1355 402 1436 probabitis:
420 1355 493 1418 Nam
509 1354 627 1418 etiamsi
649 1368 708 1414 una
723 1349 900 1424 sufficeret,
915 1354 1017 1410 lamen
1034 1349 1072 1408 ad
1117 1364 1216 1427 poooa
1232 1355 1332 1410 autem
1349 1350 1496 1427 probatur
1510 1349 1578 1412 sic:
1594 1350 1695 1412 Poena
1711 1354 1759 1409 cst
1773 1352 1901 1426 propter
1916 1349 1982 1408 cut·
2042 1375 2043 1386 a

214 1439 360 1519 mojorem
375 1439 500 1517 gloriam
517 1439 583 1511 liei,
601 1435 650 1498 coi
665 1433 792 1506 satisfit,
811 1439 840 1494 ει
855 1431 1001 1511 mojorem
1019 1431 1071 1491 bo·
1117 1447 1199 1508 pam,
1215 1437 1245 1492 et
1260 1437 1420 1493 crescente
1435 1432 1536 1508 culpa,
1554 1430 1665 1493 crescit
1679 1429 1983 1510 poenadecrescen-
2042 1491 2043 1496 ,

211 1539 319 1584 norem
336 1521 468 1582 lroaaiois
484 1518 717 1590 satisfacientia,
735 1502 849 1594 plar'ruit
864 1513 983 1576 Gbristo
1000 1529 1071 1574 uon·
1116 1520 1145 1575 te
1161 1513 1262 1592 culpa,
1278 1513 1434 1576 decrescit
1448 1530 1545 1593 poena
1562 1534 1570 1574 ε
1588 1530 1660 1594 ergo
1680 1522 1796 1575 remota
1812 1513 1916 1591 culpa,
1933 1528 1982 1574 re·
2042 1499 2043 1552 l

207 1603 340 1684 jungere
368 1610 503 1666 nostrum
528 1618 612 1664 suec.
637 1599 797 1677 Quomodo
817 1614 878 1659 una
904 1601 986 1674 gutta
1003 1611 1071 1656 saa·
1117 1603 1252 1660 moveret
1267 1611 1379 1676 poena.

211 1687 314 1766 guinis
343 1683 454 1749 dirristi
479 1681 650 1747 sufficiebat
675 1682 828 1744 redimere
855 1678 1025 1748 muudum,
1042 1681 1073 1738 ct
1158 1679 1350 1757 despondeo:
1367 1677 1432 1741 lion
1447 1677 1621 1754 defuerunt,
1639 1678 1690 1760 qni
1705 1682 1829 1758 propter
1840 1677 1920 1740 baec
1935 1693 1983 1738 ar-

210 1775 312 1832 tameu
328 1769 423 1832 rotoit
438 1773 532 1830 totum
548 1765 729 1845 sanguinem
746 1762 922 1833 effundere,
940 1766 973 1822 ut
988 1765 1072 1821 esset
1117 1768 1260 1840 gumeuta
1275 1766 1424 1841 negarant
1440 1768 1598 1840 peccatum
1621 1762 1740 1826 veniale
1755 1760 1923 1838 posthanc
1938 1761 1983 1820 ri-

210 1851 424 1930 eopiosissima
446 1847 791 1927 redempti03qaomodo
813 1846 905 1907 etiarn
921 1843 1012 1904 bomo
1022 1841 1072 1921 ju·
1118 1851 1177 1912 tam
1193 1859 1286 1922 posse
1302 1843 1434 1918 remitti,
1451 1851 1484 1906 ut
1499 1845 1530 1907 b.
1549 1845 1682 1908 Thomas
1704 1843 1794 1904 refert
1812 1843 1842 1902 in
1858 1842 1889 1905 ι.
1907 1842 1982 1904 dist.

209 1940 277 1998 stus
309 1933 454 2005 adultus,
484 1931 598 2008 duplici
633 1931 719 1991 tilido
739 1929 791 2008 jus
813 1927 907 1988 babet
938 1925 975 1986 ad
999 1941 1072 1985 ean·
1116 1927 1168 1987 ιι.
1185 1931 1303 2004 quaest.
1322 1928 1352 1987 ι.
1368 1926 1454 1988 artie.
1470 1926 1502 1989 2.
1520 1924 1581 1989 Sed
1595 1925 1861 1990 dicebantremitti
1876 1926 1983 1986 omnia

210 2018 280 2080 dom
303 2015 454 2096 gloriam,
476 2031 539 2076 uoo
565 2029 603 2076 aa
625 2011 742 2074 meritis
773 2009 884 2072 Christi
907 2006 1071 2092 sibileom·
1116 2008 1246 2070 venialia
1261 2009 1292 2069 in
1308 2007 1376 2086 ipsa
1393 2014 1488 2072 morte
1503 2011 1699 2090 pergratiam
1715 2008 1837 2069 finalem
1853 2025 1861 2082 ;
1879 2009 1917 2068 At
1933 2023 1983 2068 er·

210 2097 375 2160 muniretis
408 2113 462 2176 per
493 2095 639 2176 gratiam,
663 2095 758 2156 altero
792 2108 830 2154 er
862 2089 979 2152 meritis
1003 2105 1071 2167 pro·
1117 2089 1523 2169 rabant,quiaScripturae
1549 2090 1981 2162 etPatrasdisertedooeot,

213 2181 303 2259 prifs.
1118 2181 1187 2250 post
1201 2174 1280 2235 banc
1295 2173 1384 2235 ritum
1401 2173 1511 2236 remitti
1538 2181 1663 2254 peccata
1679 2175 1777 2248 teria,
1796 2187 1897 2251 nequa
1914 2172 1985 2232 fun-

251 2262 373 2324 Tertios
387 2266 489 2323 ioman
505 2260 614 2324 modus
631 2258 748 2320 ridetur
764 2255 971 2336 probabilior,
988 2254 1071 2332 quod
1118 2256 1295 2318 dementum
1311 2271 1418 2319 eornm
1439 2262 1488 2318 est
1502 2259 1634 2319 solidum
1649 2276 1657 2336 3
1673 2273 1742 2319 nam
1769 2256 1863 2336 gratia
1878 2253 1984 2316 finalis

211 2359 270 2407 uua
287 2349 400 2406 tautum
416 2346 457 2406 sit
471 2343 597 2406 actualis
613 2339 790 2413 satisfactio,
807 2344 838 2401 et
853 2356 887 2400 eu
905 2337 945 2399 sit
957 2344 1071 2414 nostro3
1117 2353 1179 2400 oon
1194 2344 1296 2418 potest
1309 2339 1464 2402 remittere
1479 2345 1662 2419 peccaturo,
1680 2341 1762 2420 quod
1779 2345 1849 2400 actu
1863 2338 1980 2416 placet,

211 2441 314 2506 neque
331 2427 404 2488 biae
415 2426 587 2488 excluditur
599 2422 799 2494 cbristusrel
812 2420 978 2483 satisfactio
990 2419 1072 2499 eJus3
1117 2421 1210 2484 immo
1226 2421 1306 2501 quod
1334 2437 1395 2483 non
1412 2421 1557 2500 displicet
1580 2423 1683 2502 aliquo
1699 2421 1789 2483 modo
1803 2439 1812 2494 3
1828 2421 1862 2481 ιιι
1878 2426 1983 2496 ροιεει
2042 2415 2043 2426 ’

209 2525 279 2572 nem
294 2524 350 2586 per
364 2508 432 2588 ejus
447 2505 685 2570 satisfactionem
701 2504 851 2568 babemus
866 2503 1005 2583 gratiam,
1018 2520 1072 2565 un·
1116 2505 1186 2582 quis
1202 2505 1277 2566 mori
1293 2505 1324 2565 in
1340 2505 1561 2582 complacentia
1579 2505 1698 2584 peccati
1710 2502 1899 2576 recidisset
1914 2517 1981 2570 cer·

210 2591 248 2654 de
261 2590 478 2662 satisfacimus,
502 2596 533 2652 et
548 2591 606 2652 boc
622 2589 713 2650 modo
729 2588 840 2650 dicitnr
854 2586 1002 2665 applicari
1019 2603 1073 2648 ao·
1118 2594 1147 2648 ιε
1163 2587 1231 2648 sino
1248 2587 1310 2648 ullo
1326 2594 1406 2662 actu,
1421 2593 1453 2650 ot
1467 2588 1493 2649 si
1510 2589 1653 2652 moriatur
1666 2585 1857 2668 repeata,ret
1869 2585 1982 2664 pbrae-

210 2673 258 2735 bis
274 2672 385 2736 Christi
412 2672 601 2742 satisfactio,
629 2687 690 2732 uon
716 2670 799 2748 quud
814 2667 991 2731 immediate
1006 2669 1073 2747 ipsa
1118 2671 1252 2744 relicua,
1268 2671 1317 2732 vel
1332 2669 1501 2732 dormiens.
1847 2734 1850 2740 ,

210 2755 278 2833 ojus
290 2753 457 2818 satisfactio
470 2755 553 2816 tollat
567 2755 906 2832 poenamtemporatcm
920 2751 1009 2812 nobis
1021 2752 1073 2814 do·
1159 2754 1214 2815 Atii
1230 2799 1237 2825 ,
1255 2759 1288 2815 ut
1303 2753 1412 2815 Suetus
1426 2751 1458 2813 in
1473 2753 1504 2814 l.
1521 2753 1593 2815 dist.
1610 2752 1661 2815 et.
1679 2755 1797 2834 quaesi.
1812 2751 1841 2813 ι.
1858 2749 1979 2824 dieunt,

210 2839 323 2911 bitom,
341 2837 395 2899 sed
412 2837 493 2916 quod
509 2837 642 2899 mediate
658 2851 726 2898 eam
741 2837 849 2908 inlini,
866 2842 1017 2915 quatenus
1032 2834 1073 2895 ri·
1118 2842 1279 2916 peccatum
1296 2836 1474 2915 relinquere
1489 2836 1591 2898 solum
1606 2836 1637 2898 in
1654 2836 1777 2898 bomine
1791 2880 1800 2906 ,
1816 2839 1983 2914 postquam

208 2919 323 2982 delicet
336 2920 374 2983 ab
390 2936 424 2981 ea
441 2918 566 2998 gratiam
583 2918 819 2996 babemus,sine
831 2936 890 2998 qua
904 2916 981 2980 nibil
992 2917 1073 2980 rate·
1119 2926 1204 2982 actus
1220 2919 1349 2992 transiit,
1367 2923 1482 2981 reatum
1499 2924 1663 2997 poenae,el
1676 2917 1747 2980 ideo
1759 2923 1923 2995 peccatum
1937 2931 1986 2976 rc·

209 3007 257 3065 ret
272 3001 569 3064 nostrasatisioctio.
1119 3002 1201 3064 niele
1227 3001 1289 3064 dici
1305 3000 1417 3062 remitti
1443 3001 1474 3063 in
1492 3002 1688 3082 purgatorio,
1706 2999 1776 3080 quia
1793 2997 1927 3060 totaliter
1944 2997 1986 3058 ibi

251 3084 374 3146 Praeter
401 3086 457 3146 bas
474 3083 698 3147 haereticorum
721 3081 915 3162 objectiones
930 3080 1075 3144 discutie-
1119 3085 1256 3162 punitum
1272 3085 1399 3146 mortale
1414 3091 1517 3148 aotam
1533 3101 1595 3147 non
1611 3083 1671 3148 dici
1687 3081 1798 3144 remitti
1816 3086 1888 3160 post
1903 3080 1988 3141 banc

210 3183 280 3229 runs
296 3167 387 3228 etiam
413 3166 490 3228 duas
511 3165 587 3228 olias
613 3165 807 3245 obiectiones
822 3211 830 3238 ,
847 3181 927 3245 quas
940 3163 1074 3244 theologi
1119 3166 1221 3240 ritum,
1239 3167 1385 3244 quianon
1401 3166 1527 3246 punitur
1542 3183 1675 3245 unquam
1691 3165 1732 3227 ibi
1750 3163 1906 3238 totaliter3
1925 3163 1987 3225 nisi

211 3263 386 3329 proponere
402 3249 527 3321 solent,
544 3254 577 3310 ut
591 3250 635 3311 rei
651 3247 762 3313 ueritas
778 3247 891 3310 clarius
906 3249 1072 3310 elucescat.
1120 3251 1201 3310 enim
1228 3249 1258 3309 in
1273 3249 1332 3310 boc
1346 3249 1462 3312 muodo
1478 3255 1611 3312 mutetur
1636 3253 1737 3311 reatus
1749 3261 1870 3327 poenae
1886 3252 1987 3307 aetor-

213 3331 258 3394 Sit
271 3331 365 3406 igitur
668 3335 675 3352 '
848 3378 852 3383 .
1120 3349 1177 3393 nac
1194 3333 1223 3392 in
1238 3337 1355 3394 reatum
1380 3347 1499 3410 poenae
1523 3331 1723 3410 temporalis,
1740 3337 1770 3392 et
1794 3330 1840 3392 sic
1855 3327 1988 3406 incipiat

255 3413 364 3490 Quinta
381 3412 469 3488 ratim
487 3412 521 3473 lu
536 3413 713 3492 purgatorio
728 3429 790 3474 non
807 3417 854 3474 cst
868 3411 1074 3483 moritum,or·
1119 3414 1171 3476 bic
1187 3414 1342 3484 remissio,
1360 3429 1420 3475 uon
1437 3419 1550 3493 poterit
1564 3415 1606 3478 ibi
1623 3407 1843 3492 purgarillaec
1858 3418 1988 3472 senten-

213 3511 252 3575 go
267 3511 325 3557 nec
341 3493 524 3558 satisfactio:
542 3496 612 3556 llam
627 3495 708 3557 idem
724 3494 889 3576 requiritur
903 3493 939 3554 ad
955 3510 1075 3556 meren·
1120 3497 1160 3556 ιιε
1174 3497 1246 3558 ιειεε
1263 3501 1395 3564 estium
1411 3499 1481 3576 quia
1496 3499 1563 3559 sine
1580 3498 1642 3559 utto
1657 3494 1751 3558 dnbio
1763 3501 1924 3574 peccatum
1939 3509 1987 3555 re-

213 3580 286 3640 dum
303 3583 334 3640 et
349 3577 646 3653 satisfaciendum,et
660 3581 761 3640 omnis
776 3577 941 3640 satisfactio
957 3584 1003 3638 εει
1014 3593 1076 3638 mo·
1120 3579 1233 3658 linquit
1257 3579 1288 3640 iu
1305 3578 1429 3642 homine
1456 3587 1576 3659 practer
1601 3584 1718 3641 reatum
1734 3593 1873 3655 poenae,
1891 3577 1986 3638 etiam

215 3659 332 3724 ritoria.
1122 3663 1337 3736 maculam,aut
1351 3661 1466 3741 aliquid
1483 3663 1656 3741 simite,per
1668 3661 1749 3738 qnod
1763 3660 1880 3722 dicatur
1890 3659 1988 3719 boam

255 3738 629 3821 Respondeodtcgandam
644 3758 716 3806 esse
730 3741 996 3820 consequentiam
1008 3757 1076 3803 nam
1120 3743 1287 3806 formaliter
1302 3752 1468 3822 peccator,
1486 3752 1516 3805 ει
1531 3745 1644 3823 dignos
1661 3759 1758 3822 poena
1773 3789 1781 3816 ‚
1799 3749 1860 3804 tum
1877 3742 1984 3810 etiam,

213 3823 410 3904 requiruntur
434 3824 557 3902 quidem
574 3826 745 3888 communio
769 3826 918 3904 quaedam
933 3825 969 3885 ad
987 3825 1076 3886 mori·
1122 3828 1192 3905 quia
1208 3829 1266 3887 boc
1281 3826 1374 3888 modo
1385 3843 1489 3888 revera
1503 3835 1625 3904 peccota
1638 3826 1767 3888 venialia
1780 3840 1841 3885 non
1855 3831 1987 3902 possent

214 3914 277 3969 tum
304 3912 335 3969 et
363 3905 624 3978 satisfactionem,
652 3909 707 3970 scd
735 3909 824 3970 eliam
840 3905 990 3986 quaedam
1009 3924 1077 3985 pro·
1122 3910 1182 3970 dici
1196 3911 1307 3970 remitti
1321 3909 1352 3970 in
1365 3910 1615 3989 purgatorio,aon
1629 3908 1711 3971 enirn
1724 3907 1986 3984 remittiturqood

214 3991 294 4069 pria,
311 4004 348 4051 ex
362 4005 491 4066 quorum
509 3989 630 4051 defcotu
646 3991 769 4068 aliquod
788 3995 835 4051 cst
851 3989 990 4050 meritum
1008 3993 1076 4052 sino
1120 3993 1253 4054 totaliter
1277 3992 1424 4071 punitur3
1447 3992 1590 4054 remissio
1616 3990 1698 4054 enim
1724 3995 1814 4052 sonat
1829 3989 1985 4052 condona·
2042 4015 2043 4048 r

215 4071 434 4142 satisfactione,
452 4076 483 4133 ct
498 4072 691 4133 econtrario.
718 4072 894 4150 Requiritur
909 4073 944 4132 od
963 4077 1076 4132 rituam·
1123 4076 1251 4135 tionem.

216 4169 277 4234 que
292 4154 385 4232 gratia
410 4153 607 4226 inhabitans,
625 4157 680 4216 sed
697 4155 756 4217 buc
771 4171 832 4216 non
850 4153 988 4215 sufficit?
1003 4154 1076 4216 llam
1165 4157 1229 4217 Atia
1246 4161 1293 4218 est
1307 4156 1411 4236 opinio
1431 4155 1579 4236 ,ejusdem
1597 4155 1678 4218 Scoti
1704 4155 1819 4217 ibidem
1834 4200 1842 4224 ,
1859 4159 1986 4231 peccata

217 4237 255 4300 od
278 4235 517 4298 satisfactionem
545 4237 731 4314 requiritur,
749 4243 782 4298 ut
806 4253 906 4314 opus,
924 4237 1005 4311 quod
1021 4237 1075 4311 ln,
1121 4239 1252 4300 venialia
1269 4242 1379 4300 remitti
1406 4239 1438 4300 iu
1453 4240 1552 4317 primo
1568 4238 1690 4300 instanti
1704 4236 1907 4316 separationis
1922 4236 1988 4296 ani·

217 4319 259 4380 sit
271 4317 403 4397 pocuale
417 4363 425 4389 ,
441 4319 523 4394 quod
542 4335 601 4380 non
619 4319 783 4398 requiritur
809 4319 845 4379 ad
863 4322 1015 4380 meritum.
1033 4321 1076 4382 Ad
1122 4337 1188 4382 moa
1204 4341 1220 4382 a
1235 4337 1385 4402 corpore,
1409 4323 1522 4382 remitti
1538 4327 1640 4384 autem
1666 4336 1722 4401 per
1738 4319 1842 4382 merita
1858 4333 1986 4398 praece·

217 4402 359 4464 meritum
375 4401 540 4478 requiritur
562 4400 709 4470 libertas,
727 4418 816 4479 quam
832 4401 971 4479 sequitur
986 4404 1053 4464 laus
1068 4420 1077 4480 3
1123 4403 1236 4466 dantia.
1255 4404 1332 4464 llicit
1347 4404 1429 4465 enim
1451 4406 1520 4482 ipsc
1535 4453 1542 4478 ‚
1560 4419 1651 4465 omne
1666 4419 1746 4481 opus
1772 4401 1886 4462 bonum
1901 4401 1987 4478 quod

219 4483 250 4546 id
265 4483 347 4561 quod
374 4498 436 4544 nou
461 4481 626 4559 requiritur
650 4485 686 4545 ad
703 4483 939 4546 satisfactionem
954 4503 963 4556 3
979 4484 1031 4563 qui
1047 4502 1077 4546 c·
1124 4486 1221 4566 magis
1236 4486 1336 4562 placet
1350 4486 1414 4549 Deo
1428 4532 1437 4558 ‚
1453 4501 1543 4568 qnam
1560 4486 1721 4566 displiceat
1742 4483 1862 4546 reniale
1876 4499 1986 4561 pecca·

218 4566 283 4626 nim
308 4581 323 4625 a
337 4563 442 4644 judice
454 4563 574 4643 cogitur
595 4567 713 4628 solvere
728 4566 864 4628 debitum
879 4613 886 4633 ,
904 4581 975 4628 rere
990 4566 1078 4628 satis·
1124 4574 1186 4630 tum
1202 4614 1209 4634 .
1237 4569 1392 4630 remittere
1418 4571 1546 4630 reoiatio
1577 4574 1701 4648 peccata
1716 4586 1725 4643 3
1741 4572 1896 4629 caeterum
1911 4565 1987 4626 dom

217 4647 300 4716 fucit,
318 4645 438 4708 etiamsi
452 4655 589 4710 coactos.
605 4648 780 4726 Requiritor
795 4655 952 4727 praeterea
964 4650 1001 4711 ad
1014 4665 1078 4711 me·
1123 4652 1215 4713 laonio
1231 4651 1322 4726 ririt,
1339 4667 1401 4713 non
1418 4652 1530 4714 remitti
1547 4653 1647 4713 omnia
1664 4650 1793 4712 venialia
1809 4665 1863 4727 por
1877 4647 1987 4727 bujus·

218 4729 350 4792 rendum
367 4733 463 4791 status
478 4729 563 4806 riaer
579 4730 663 4792 Deus
677 4732 759 4793 enim
775 4732 962 4810 igonotbeta
975 4739 1079 4794 noster
1123 4734 1204 4794 modi
1220 4749 1313 4812 opero
1339 4735 1419 4796 bona
1434 4781 1442 4807 ,
1459 4735 1528 4813 quia
1546 4741 1594 4796 est
1620 4734 1871 4814 impedimentum
1886 4732 1988 4809 ipsius

219 4811 309 4878 stadii
327 4819 466 4890 tompus,
483 4819 676 4891 praesentem
692 4814 782 4875 vitam
798 4830 867 4875 esse
883 4814 988 4892 voluit3
1004 4815 1078 4876 bine
1123 4817 1365 4894 complacentiao
1382 4819 1498 4896 peccati
1515 4865 1522 4890 ‚
1539 4833 1600 4894 quo
1617 4817 1838 4896 impedimento
1852 4813 1986 4886 sublato,

220 4896 312 4975 igitur
338 4895 482 4967 animae,
499 4911 578 4972 quae
603 4897 720 4973 degunt
734 4899 764 4957 iu
792 4896 988 4974 purgatorio,
1005 4900 1077 4977 quia
1130 4900 1210 4976 quod
1236 4898 1270 4959 iit
1285 4901 1314 4960 in
1330 4899 1430 4977 primo
1455 4901 1578 4963 instanti
1595 4909 1665 4979 post
1690 4904 1816 4962 mortem
1831 4943 1839 4965 ,
1854 4912 1923 4957 mox
1939 4911 1989 4957 rc·

219 4977 448 5046 mediaesunt,
466 4980 574 5053 quoad
591 4985 700 5042 statum
724 4979 803 5040 inter
817 4980 947 5040 viatores
962 4985 993 5041 et
1007 4979 1078 5042 bea·
1129 4981 1203 5042 mitti
1221 4991 1391 5060 peceatum.
1408 4982 1472 5044 Non
1486 4985 1608 5061 placet,
1632 4982 1704 5058 quia
1726 4997 1788 5043 non
1809 4985 1858 5040 cst
1878 4979 1989 5055 proba·

220 5066 279 5128 tos,
297 5060 344 5120 ret
360 5060 519 5122 damnatos
542 5058 626 5136 (uam
641 5067 712 5122 suot
727 5060 922 5122 confirmatae
936 5062 968 5122 iu
983 5063 1077 5133 bouo,
1126 5063 1190 5124 bitc
1212 5081 1267 5142 per
1288 5080 1379 5126 orune
1401 5081 1480 5146 opus
1501 5065 1615 5128 bonum
1639 5065 1749 5128 remitti
1772 5061 1912 5133 venialia,
1925 5062 1989 5122 nisi

222 5142 1080 5219 ettomcoadbuoretardoatoraconseqoutioncsnmmi
1127 5147 1207 5210 adsit
1228 5147 1422 5227 displicentia
1444 5149 1551 5210 saitem
1573 5147 1709 5210 nirtualis
1730 5143 1854 5209 illorum
1877 5157 1989 5228 peeca-

220 5223 322 5302 boni);
338 5223 408 5286 ideo
423 5223 756 5302 possuntsatisfaoaro,
781 5241 842 5286 uon
865 5227 985 5292 merari.
1010 5243 1079 5288 curn
1127 5236 1237 5291 torum.
1922 5235 1925 5242 '

221 5321 279 5366 nos
302 5312 464 5384 utrumque
496 5309 652 5385 possimne
666 5326 678 5385 3
698 5307 779 5370 beati
801 5314 831 5370 ει
851 5307 982 5370 damuati
1005 5326 1079 5372 nen·
1164 5311 1303 5385 Deinde,
1321 5311 1390 5391 quia
1412 5318 1595 5392 sequeretur
1610 5317 1680 5392 post
1693 5312 1774 5373 bano
1789 5310 1878 5371 ritarn
1897 5323 1987 5370 num-

221 5394 314 5456 trum.
413 5469 418 5480 ¹
1124 5409 1214 5470 qnam
1230 5396 1341 5456 remitti
1357 5395 1416 5455 nisi
1433 5409 1526 5456 unum
1544 5401 1714 5473 peccatum,
1734 5394 1877 5455 nimirum
1895 5391 1984 5465 illud,

262 5469 350 5562 Sexta
366 5473 463 5544 ratto;
481 5469 691 5552 torgatcrium
711 5473 905 5536 constituitur
919 5473 1027 5553 partim
1043 5474 1080 5535 ad
1126 5478 1215 5556 cnjus
1231 5486 1318 5539 actus
1333 5479 1527 5538 continuatur
1543 5494 1641 5556 usquc
1657 5479 1694 5538 ad
1710 5475 1884 5549 mortem‚id
1899 5477 1985 5553 quod

220 5563 436 5616 remissionem
452 5553 561 5630 culpae
577 5555 827 5634 rerriatispartim
840 5559 877 5620 ad
890 5557 1079 5620 satisfacien·
1124 5557 1193 5638 ipsc
1209 5560 1359 5636 admittit,
1378 5563 1431 5623 sad
1448 5569 1495 5622 est
1510 5567 1613 5623 contra
1634 5560 1806 5640 Scripturas
1821 5565 1852 5620 ct
1867 5557 1986 5636 Patres3
2042 5603 2043 5630 ,

220 5633 301 5704 dom,
320 5648 374 5726 pro
390 5647 510 5711 poena,
538 5635 603 5698 sed'
620 5643 762 5700 neutrum
777 5639 871 5700 babet
894 5639 996 5701 locum
1011 5645 1080 5718 post
1124 5650 1158 5704 ut
1172 5657 1211 5705 ea
1226 5643 1316 5705 dictis
1331 5649 1425 5722 patet.
1442 5643 1552 5718 lertio,
1571 5643 1641 5722 quia
1654 5659 1714 5705 oon
1727 5649 1811 5705 asset
1823 5659 1902 5722 opus
1920 5659 1987 5704 ora·
2042 5641 2043 5696 i

143 5735 146 5742 ¹
217 5717 416 5792 ¹buconiam,
432 5731 503 5802 nem
516 5718 584 5794 ejus
600 5724 647 5784 est
661 5736 677 5782 o
693 5720 783 5799 culpa
800 5737 972 5800 resurgere,
989 5723 1078 5802 cujus
1125 5739 1157 5786 re
1175 5742 1229 5804 pro
1245 5725 1418 5804 defunctu,
1435 5732 1495 5792 uto
1511 5727 1612 5806 culpis
1638 5725 1809 5790 venialibus
1824 5727 1987 5791 solveren-
