4082 6300
305 345 359 406 rao
937 319 1299 424 nurorasu'uunusrau

228 485 301 548 sont
313 477 554 546 illuminationes
575 492 757 552 caecorum,
772 473 946 542 carabum
960 477 1082 543 claudo·
1127 482 1311 549 adsalutem
1331 495 1420 544 suam
1435 477 1656 560 necessarium.
1672 475 1769 540 holuit
1785 482 1886 539 antean
1900 475 1990 540 licus

227 581 318 640 num,
335 563 531 628 excitationes
546 568 752 627 mortuorum:
770 573 848 640 qua-e
862 576 926 624 uon
941 562 1000 624 nisi
1015 563 1083 640 cius
1128 567 1265 647 obligare
1279 563 1469 637 hominesue
1483 561 1646 626 crederent
1658 559 1924 632 incredibilia,sad
1937 577 1989 624 so·

226 645 410 711 virtuielleri
422 645 680 723 passuntnaqno
691 642 829 704 canimus
840 642 869 704 iu
882 644 1000 723 psalmo
1013 644 1083 709 tes.
1127 651 1191 714 ium
1206 647 1328 728 quando
1355 659 1411 724 per
1425 644 1570 707 miracula
1583 690 1592 720 ‚
1609 650 1640 705 at
1653 642 1765 705 similia
1780 642 1891 705 motiva
1906 643 1991 707 ildes

230 729 292 810 Qua
304 730 382 809 salii
395 727 562 790 mimmii
575 739 699 803 magau
712 725 811 788 ⁸⁰l'1li·
987 739 992 752 ¹
1128 734 1206 796 lacta
1231 737 1280 792 est
1293 727 1472 790 credibilia:
1489 734 1521 788 ai
1544 743 1581 788 en
1596 725 1733 788 Ecclesia
1756 725 1992 788 demonstretur

270 813 316 876 Ad
331 809 502 875 secundum
515 809 596 870 dioc:
611 807 752 870 Miracula
768 806 1085 888 donatistarumquae
1129 815 1323 887 miraculum,
1339 811 1439 890 quoad
1455 807 1667 872 certitudinem
1682 807 1746 880 rei,
1764 807 1846 888 quia,
1861 811 1992 886 quando

228 895 419 976 Augustinus
440 891 628 963 acoemeti,
645 905 708 952 nnn
722 889 817 954 luisse
833 889 976 954 utiraoula
991 892 1082 966 tatia,
1129 897 1267 960 Ecclesia
1283 895 1417 956 declarat
1441 893 1621 967 miraculum
1642 891 1778 966 lactum,
1794 905 1866 956 esse
1880 906 1992 954 rerum

229 979 329 1060 qualia
345 979 517 1038 sauctorum
539 979 632 1045 sunt,
649 972 704 1036 sed
719 973 855 1036 occultas
880 974 1028 1052 quasdam
1043 976 1085 1038 ai·
1129 979 1323 1050 miraculum,
1339 975 1416 1038 certi
1431 991 1539 1038 sumus
1553 977 1593 1036 itu
1609 989 1692 1036 essa.

228 1061 334 1124 sinnas
361 1062 476 1126 tantum
490 1101 497 1129 ‚
512 1071 589 1134 quas
604 1055 672 1118 sina
701 1056 762 1118 ullo
778 1061 857 1120 teste
879 1055 1036 1135 inniabant
1049 1073 1086 1122 sa
1171 1061 1215 1126 Ad
1231 1059 1353 1124 tertium
1368 1058 1449 1123 dium
1465 1057 1659 1138 Mendacium
1672 1069 1745 1120 esse
1759 1053 1892 1128 Caluini,
1910 1056 1997 1134 quod

228 1142 365 1216 uidissei
382 1139 481 1220 qualis
503 1139 559 1202 tuit
572 1138 647 1202 visio
675 1137 810 1218 Euinglii
824 1183 832 1214 ,
848 1140 900 1218 qui
915 1138 947 1200 in
961 1139 1017 1202 lib.
1033 1141 1086 1220 qui
1131 1144 1235 1226 populi
1252 1141 1404 1207 coluerint
1416 1136 1777 1210 hieremiamsacriuciis
1791 1184 1800 1212 ‚
1816 1137 1998 1218 diuinisque

228 1223 406 1287 inscribitur
421 1221 593 1296 subsidium
609 1219 647 1283 de
663 1219 935 1294 eucharistia‚dieit
949 1237 984 1284 se
995 1222 1086 1286 vidis·
1130 1226 1314 1292 honoribus.
1328 1223 1400 1286 Nam
1417 1224 1534 1284 nullum
1548 1228 1660 1284 testem
1676 1219 1800 1286 addunt
1813 1219 1908 1293 huius
1924 1221 1996 1294 rei,

230 1305 431 1385 scaphium,
448 1305 505 1368 seu
520 1319 581 1366 non
598 1303 735 1380 potuisse
749 1303 937 1378 discernere,
950 1312 1035 1376 esset
1046 1321 1086 1368 ne
1130 1312 1190 1373 nisi
1205 1309 1286 1388 qood
1302 1307 1334 1368 in
1347 1305 1482 1385 margine
1495 1303 1581 1383 ponit
1591 1296 1817 1384 (Hieronpn‘rus
1829 1303 1995 1382 praelatio·

230 1387 330 1458 albus.
347 1403 386 1448 an
401 1387 512 1465 niger3
528 1385 627 1462 qualis
643 1392 691 1448 est
706 1384 797 1448 otiam
812 1385 910 1460 nisio,
927 1403 1005 1466 uuae
1020 1405 1087 1449 nar·
1132 1410 1171 1456 ne
1187 1393 1218 1454 in
1233 1389 1416 1452 liieremiam
1428 1388 1453 1469 ).
1470 1386 1744 1468 Caeterumneqne
1757 1387 1788 1448 in
1803 1387 1999 1464 praelatione

229 1476 311 1534 ratur
325 1469 357 1532 in
371 1468 473 1542 libro,
490 1472 544 1544 qui
557 1467 734 1530 inscribitur
747 1469 874 1546 quarela
887 1515 896 1541 ,
911 1471 960 1531 ael
974 1469 1087 1533 somni·
1130 1472 1307 1553 iiiernngrui
1323 1473 1354 1534 in
1368 1471 1572 1544 Hieremiam,
1589 1483 1656 1535 ase
1670 1469 1871 1540 translatum,
1889 1483 2000 1547 neque

231 1569 284 1614 um
298 1551 435 1624 lutheri,
446 1551 498 1614 uhi
513 1550 665 1614 Eutherus
679 1557 816 1614 narratur
830 1553 1008 1630 apparuisse
1020 1553 1088 1633 qui·
1131 1558 1163 1621 in
1189 1554 1375 1637 praelatione
1407 1550 1704 1616 Commentariorum
1734 1550 1910 1613 hieremiae
1935 1551 2001 1612 ulla

230 1635 363 1700 busdam
385 1633 590 1708 Lutherauis,
606 1631 747 1712 tristique
770 1635 855 1696 vultu
875 1640 1086 1713 conquestus,
1133 1633 2002 1716 mentiollthuiushistoriael’raeteraeexstetaliaquac·

230 1717 314 1796 quod
337 1725 396 1778 tem
419 1731 476 1790 se,
500 1733 589 1795 quam
602 1715 770 1778 doctrinam
790 1716 1090 1796 sunmdiscipnlisui
1133 1725 1203 1798 dam
1218 1719 1457 1800 praefatiuncula
1473 1719 1503 1779 in
1517 1716 1634 1779 bihlliis
1648 1713 2002 1789 Benedictiilicremiae

231 1799 317 1862 breti
332 1791 439 1862 ansam
462 1797 625 1862 deserturi.
651 1795 756 1877 itaque
771 1813 832 1864 non
848 1803 916 1862 siue
930 1815 1039 1864 enasse
1053 1817 1090 1864 ea
1134 1804 1277 1884 praelixa,
1293 1802 1330 1864 ad
1346 1816 1438 1880 qoam
1452 1800 1571 1862 ridetur
1586 1797 1729 1862 Calvinus
1741 1797 2002 1877 mposissesao

231 1883 377 1944 miracula
392 1897 420 1946 s.
437 1880 623 1960 Augustinus
637 1887 723 1942 vocat
736 1880 865 1944 fabulas.
907 1941 909 1949 .
1022 1937 1025 1944 ,
1134 1881 2001 1962 eanonestHieronyminequeinealltmentiosncri·

272 1965 361 2042 Quod
373 1969 475 2026 autem
485 1964 674 2043 Augustinus
686 1963 809 2026 maxinri
820 1965 988 2031 laciatrera
1001 1966 1089 2029 mira·
1133 1970 1284 2041 liciarum,
1298 1966 1534 2044 divinorumque
1546 1964 1711 2039 honorum3
1724 1963 1779 2026 serl
1795 1963 2002 2041 solummodo

231 2047 299 2110 aula
314 2094 322 2122 ,
340 2051 423 2127 patet
445 2058 483 2108 ex
497 2045 553 2108 lih.
569 2045 621 2108 22.
638 2046 678 2108 de
705 2043 791 2110 cinit.
807 2044 863 2110 liei
878 2093 886 2122 ,
902 2064 971 2128 cap.
989 2046 1021 2110 8.
1037 2049 1089 2112 nbi
1134 2051 1279 2116 miracula
1302 2048 1460 2112 laetasint
1478 2047 1515 2109 ad
1531 2047 1732 2127 sepulchrum
1756 2045 1838 2126 ejus.
1853 2045 2002 2128 lienique

231 2135 338 2193 eunuc
352 2143 488 2209 paganos
502 2127 625 2190 adducit
639 2127 783 2192 miracuta
800 2130 944 2206 maxima,
960 2130 1036 2194 lacta
1052 2132 1090 2194 ad
1134 2133 1324 2214 Epiphanius
1350 2130 1533 2193 aet-Isidorus
1546 2129 1579 2190 in
1594 2127 1652 2190 rita
1677 2127 1871 2204 Hieremiae,
1888 2127 2004 2190 dicunt

230 2211 378 2292 reliquias
392 2210 747 2290 sanctorum‚praecipua
762 2209 910 2292 Stephani
924 2219 1090 2292 protomar·
1134 2219 1260 2297 quidem
1276 2212 1583 2358 miraquadlactmsed
1594 2211 1634 2274 de
1647 2209 1806 2274 sacrificiis
1818 2210 2000 2289 divinisque

232 2293 322 2374 iilis·
1136 2295 1386 2364 honorihnsnihi
1436 2296 1547 2360 inunt„

272 2375 316 2438 Ad
331 2375 375 2451 id,
390 2373 473 2455 quod
487 2371 677 2453 Augustinus
691 2374 775 2450 dicit,
785 2375 952 2440 Ecclesiam
966 2394 1026 2440 non
1039 2378 1091 2444 de·
1174 2383 1219 2448 Ad
1236 2385 1376 2460 quartum
1398 2377 1586 2455 responden:
1603 2373 1666 2439 liae
1680 2389 1807 2438 caecum
1821 2389 1893 2440 sere
1908 2421 1918 2450 ,
1936 2390 1999 2436 nec

230 2459 393 2521 monstrari
409 2474 447 2520 cr
460 2457 627 2531 miraculis,
643 2458 705 2521 sed
715 2473 752 2520 cx
766 2458 941 2538 Scripturis‚
955 2459 1091 2540 ilespon·
1134 2479 1206 2528 aare
1220 2463 1394 2528 clauduma
1410 2459 1598 2538 Vespasiano
1613 2473 1684 2522 esse
1699 2464 1848 2521 curatum.
1864 2458 1953 2530 ham,
1967 2467 2001 2518 ut

231 2541 303 2602 deo:
320 2539 520 2618 augustinum
537 2541 686 2602 contrario
700 2541 793 2603 modo
806 2541 890 2621 loqui
902 2541 932 2604 in
948 2543 1090 2606 libeant.
1136 2547 1244 2610 scribit
1268 2544 1430 2608 Cornelius
1443 2543 1564 2606 Tacitus
1589 2541 1645 2603 lib.
1667 2539 1700 2604 t.
1726 2540 1799 2604 hist.
1815 2540 2000 2619 interrogati

231 2625 324 2701 epist.
341 2621 546 2695 laudamenti‚
563 2637 631 2699 cap.
648 2621 679 2684 l.
696 2629 726 2684 et
740 2622 772 2686 d.
789 2623 839 2685 uhi
855 2624 940 2698 dicit,
956 2625 1091 2688 Ecclesi·
1135 2630 1300 2694 mcdici.on
1315 2625 1414 2688 anochi
1429 2626 1560 2687 duorum
1574 2625 1696 2686 illorum
1709 2622 1863 2686 curabiles
1875 2629 1997 2698 essent;

231 2721 282 2765 am
297 2698 500 2766 demonstrari
525 2719 562 2764 en
575 2705 751 2781 miraculis,
767 2721 887 2770 nonen
902 2707 1088 2788 Scripturis‚
1134 2712 1372 2793 responderunt,
1389 2723 1460 2772 esse
1474 2707 1641 2784 curabiles;
1656 2701 1792 2780 hindei,
1809 2705 1923 2782 inquit,
1940 2721 1998 2767 oo·

230 2786 325 2848 immo
340 2785 522 2866 Scripturas·
539 2786 741 2850 demonstrari
758 2803 795 2850 ex
816 2788 965 2852 Ecclesia.
981 2791 1025 2854 lie
1036 2793 1092 2870 igi·
1134 2796 1189 2859 eia
1203 2796 1382 2858 obserans:
1398 2789 1474 2853 hnic
1487 2787 1783 2856 concamaranda
1797 2789 1951 2858 innuen,
1970 2793 2001 2850 ct

232 2873 282 2930 tur
296 2885 401 2931 secum
418 2873 556 2948 pugnet,
572 2869 738 2954 dicendum
753 2871 861 2944 estin
875 2878 1004 2952 utroque
1019 2875 1089 2938 locu
1134 2879 1327 2946 rediturum,
1344 2875 1374 2937 si
1385 2873 1552 2953 pelluntur
1566 2869 1739 2944 obstantia,
1755 2871 1806 2934 itti
1820 2871 1947 2950 clupeos
1963 2873 2002 2933 iat

232 2965 304 3013 eum
320 2950 405 3029 loqui
420 2966 458 3012 ex
471 2950 646 3030 hypothesi.
664 2953 740 3030 Quia
760 2953 846 3016 euim
860 2953 1028 3019 Manichaei
1038 2959 1091 3020 ad·
1133 2963 1377 3042 procuratorias
1391 3002 1399 3030 ‚
1415 2957 1445 3018 ai
1457 2955 1597 3018 colubris
1610 2956 1659 3018 oia
1674 2953 1890 3026 adhibentur,
1905 2967 2001 3033 posse

231 3033 393 3096 mittebant
408 3033 574 3106 miracula,
590 3038 621 3094 ct
634 3034 787 3112 negabant
810 3035 983 3115 Scripturas
997 3039 1090 3119 (inam
1125 3041 1306 3122 ,catepani
1322 3038 1418 3119 igitur
1433 3039 1543 3100 mirum
1558 3053 1620 3099 non
1636 3043 1704 3110 ast,
1722 3037 1750 3098 si
1765 3035 1864 3099 morbi
1879 3035 2001 3099 curabi-

231 3121 367 3178 neterem
383 3114 526 3179 dicebant
551 3130 620 3177 esse
635 3132 651 3178 a
664 3117 785 3181 diabulo
799 3161 808 3191 ‚
822 3135 934 3182 noram
950 3120 1094 3184 dicebant
1135 3127 1183 3189 les
1197 3123 1392 3191 naturaliter,
1409 3135 1503 3199 opera
1517 3119 1634 3192 diaboli
1646 3119 1740 3181 curati
1755 3117 1883 3182 luerint.
1898 3117 1998 3193 Adde,

234 3211 306 3260 essa
320 3203 413 3258 iotam
426 3201 598 3274 corruptam
610 3213 626 3260 n
637 3197 981 3281 falsariisihugustinus
993 3204 1025 3266 in
1035 3206 1091 3267 lib.
1136 3208 1217 3287 qnod
1232 3251 1240 3280 ‚
1258 3211 1291 3268 ut
1304 3204 1510 3271 Tertullianus
1536 3203 1626 3264 docel
1640 3201 1671 3263 in
1695 3201 1909 3282 apologetico,
1928 3217 1998 3279 cap.

234 3285 318 3341 nont.
336 3279 459 3358 epistol.
475 3278 662 3342 laudamenti
676 3280 935 3357 Manichaeorum,
951 3301 989 3347 er
1003 3288 1091 3348 mire·
1136 3291 1188 3352 22.
1205 3287 1353 3352 credibile
1368 3292 1416 3348 est
1429 3291 1523 3347 toturn
1539 3285 1627 3346 illurn
1643 3285 1783 3346 morbum
1795 3283 1893 3346 luisse
1906 3300 1922 3344 a
1936 3285 2000 3345 dia·

233 3362 313 3424 eulis
328 3359 827 3438 demonstratEcclesiumdeinde
838 3381 875 3428 ex
886 3365 1026 3431 Ecclesia
1039 3370 1090 3432 da·
1137 3373 1221 3446 bolo,
1237 3371 1289 3449 qui
1304 3367 1445 3431 insidens
1460 3369 1491 3428 in
1507 3368 1596 3432 oculu
1612 3367 1715 3437 unius.
1725 3371 1756 3428 et
1769 3366 1896 3428 alterius
1910 3365 1997 3437 tibia,

233 3449 382 3506 monstrat
407 3442 604 3522 scripturam:
621 3445 681 3508 Sed
702 3447 773 3524 quia
797 3446 971 3512 Donatistae
986 3453 1091 3515 crede·
1136 3453 1324 3534 impediebat
1334 3467 1424 3514 usum
1437 3465 1540 3512 eorum
1550 3447 1913 3528 membrorumridqueeo
1924 3448 1997 3524 fine,

232 3523 308 3588 hant
321 3526 495 3619 Scripturas
517 3531 577 3588 tam
591 3528 705 3603 ueteri,
722 3545 813 3609 quam
827 3547 940 3607 noane,
957 3539 988 3596 et
998 3539 1092 3611 jacta·
1138 3544 1172 3601 ut
1184 3537 1339 3600 rideretur
1354 3551 1474 3608 sanare,
1492 3549 1560 3594 cum
1577 3532 1734 3593 desineret
1749 3545 1873 3596 nocere.

232 3605 309 3670 hant
324 3625 396 3671 suas
410 3610 564 3682 visiones,
581 3618 814 3675 contemnentes
828 3613 971 3678 miracula
988 3617 1093 3680 Eccla·
1179 3619 1224 3681 Ad
1238 3624 1424 3699 postremum
1437 3616 1478 3678 de
1489 3615 1636 3676 miraculo
1646 3612 1799 3676 lloratiani
1811 3612 1999 3692 respondeo:

234 3689 311 3766 siae,
329 3691 399 3754 ideo
414 3689 601 3784 Augustinus
615 3691 879 3758 contiionatistas
894 3698 950 3759 alia
966 3698 1012 3762 ria
1025 3716 1094 3777 pro·
1139 3701 1316 3764 iliraculum
1329 3701 1437 3762 iactum
1452 3713 1522 3760 esse
1535 3713 1596 3758 non
1610 3698 1640 3756 in
1653 3694 1917 3758 confirmationem
1929 3695 2001 3758 ildei

234 3773 330 3846 cedit,
346 3778 377 3835 et
392 3789 428 3834 ex
443 3773 608 3851 Scnpturis
621 3774 813 3840 demonstrat
824 3777 1094 3858 Ecclesiamdain·
1138 3785 1307 3856 Noratlani,
1323 3784 1379 3845 sed
1395 3780 1537 3844 catholici
1551 3778 1708 3856 baptismi.
1725 3777 1760 3840 ld
1776 3779 1860 3841 enim
1876 3793 1932 3855 pro
1949 3780 2001 3838 mi·

234 3854 274 3917 de
289 3871 346 3931 per
360 3855 530 3918 Ecclesiam
546 3855 609 3919 vult
619 3856 752 3936 judicari
768 3860 806 3922 de
823 3862 991 3927 miraculis.
1140 3869 1244 3929 raculo
1258 3865 1366 3930 scribit
1381 3864 1541 3935 Socrates,
1559 3861 1639 3941 quod
1656 3877 1726 3922 num
1741 3863 1777 3924 ad
1794 3860 1921 3922 Paulum
1938 3859 2001 3940 epi·

276 3931 331 3999 Est
346 3944 446 4000 autem
472 3937 718 4014 observandum,
735 3948 819 4005 recta
840 3944 1042 4009 demonstrari
1057 3961 1095 4009 cx
1140 3965 1268 4030 scopum
1281 3949 1472 4010 notationum
1484 3941 1893 4022 uenissetquidnmludaeus
1905 3941 2002 4022 impo-

233 4019 394 4084 miraoulis
406 4021 600 4092 Ecclesiam,
616 4026 647 4084 et
661 4037 698 4085 ex
712 4021 851 4086 Ecclesia
865 4027 1022 4101 miracula,
1038 4029 1095 4092 sod
1140 4039 1214 4105 ator,
1231 4037 1265 4094 ut
1279 4031 1317 4092 ab
1332 4045 1369 4091 co
1384 4030 1604 4106 baptizaretur,
1622 4033 1654 4088 et
1667 4025 1748 4104 apud
1764 4042 1799 4090 se
1813 4024 2000 4104 baptismum

236 4101 361 4165 diverso
374 4112 489 4182 genere
504 4103 1044 4186 damonstratiouis;qucruedmudum
1060 4127 1098 4174 ex
1144 4114 1305 4184 irrideret,
1323 4113 1467 4173 continuo
1482 4115 1542 4170 tcta
1557 4110 1637 4170 sacri
1663 4107 1756 4170 lentis
1771 4124 1849 4203 aqua
1863 4115 1998 4170 evannit.

233 4181 344 4248 ellectu
364 4187 589 4248 demonstratur
601 4203 721 4261 caussa,
734 4193 764 4250 el
778 4205 815 4251 ex
830 4189 1095 4256 caussa-euectus.
1144 4197 1183 4258 At
1196 4205 1257 4258 non
1274 4195 1369 4256 luisse
1385 4194 1444 4254 hoc
1459 4193 1639 4254 miraculum
1650 4189 1805 4254 horariam
1818 4189 1999 4264 errorissed

233 4263 307 4328 llam
324 4283 360 4335 cx
374 4267 530 4330 miraculis
546 4267 772 4332 demonstratur
785 4271 1005 4349 Ecclesia‚non
1020 4293 1095 4356 qun·
1140 4280 1202 4341 acri
1219 4277 1361 4357 baptismi
1378 4277 1579 4354 perspicuum
1593 4281 1641 4336 ast
1655 4287 1693 4334 aa
1704 4273 1839 4352 eo,qnod
1852 4272 1934 4335 idern
1950 4275 2000 4335 So·

232 4347 271 4408 ad
286 4349 481 4423 evidentiam,
491 4349 538 4410 rel
554 4351 766 4416 certitudinem
782 4355 906 4428 raised
923 4358 1023 4434 quoad
1035 4359 1095 4420 eri·
1140 4367 1240 4424 crates
1254 4359 1424 4438 subjungit,
1442 4357 1599 4436 cognitum
1614 4356 1705 4434 paulo
1720 4361 1790 4434 posi
1806 4347 1914 4424 luisse,
1928 4371 1999 4418 eum

233 4425 368 4522 (lentiam
384 4430 644 4525 etncertitudinem
659 4434 1095 4518 eredibilitntis.Cuiusreira·
1139 4442 1293 4506 Judaeum
1311 4441 1374 4521 jam
1389 4447 1478 4502 antea
1504 4439 1687 4516 baptizatum
1709 4439 1769 4500 ritu
1795 4437 1948 4500 catholico
1963 4439 2000 4502 ab

233 4515 276 4571 tro
291 4518 360 4586 esi,
378 4528 448 4592 quaa
470 4520 541 4573 ante
566 4515 818 4592 approbationem
833 4518 991 4584 Ecclesiae
1007 4567 1015 4594 ,
1032 4539 1095 4586 nun
1139 4525 1237 4588 Attico
1253 4525 1400 4604 episcopo
1415 4520 1760 4598 constantinopolitano.
1780 4519 1889 4596 itaquo
1904 4521 1998 4590 Deus,

234 4597 284 4655 est
299 4595 426 4657 evidens
441 4601 492 4687 aut
506 4600 624 4666 certum
633 4599 816 4664 certitudine
829 4601 902 4664 lidei
913 4603 952 4668 do
964 4604 1028 4668 ullo
1040 4606 1093 4668 mi·
1139 4609 1209 4686 quia
1226 4607 1326 4669 noluit
1340 4605 1461 4668 irrideri
1475 4603 1708 4682 baptismumin
1723 4601 1864 4666 Ecclesia
1880 4603 1939 4666 rite
1950 4621 2000 4666 su·

232 4677 350 4750 iaculo,
366 4676 448 4755 quod
464 4683 503 4738 srt
517 4692 621 4740 rernm
636 4679 946 4760 miraculum31emen
962 4692 1008 4748 est
1023 4689 1093 4760 tale,
1139 4696 1277 4769 scepturn
1293 4735 1301 4764 ,
1319 4703 1385 4751 non
1408 4687 1547 4766 permisit
1570 4687 1778 4764 impostorem·
1795 4684 1947 4748 Iudaeum
1961 4687 1999 4747 ab

233 4764 267 4822 ut
282 4757 439 4852 euidenter
453 4758 543 4820 iaciat
554 4775 618 4822 rem
632 4761 864 4828 credibilemtlt
875 4767 1096 4846 quidemquoo
1139 4774 1293 4835 haeretico
1309 4773 1456 4852 episcopo
1472 4771 1581 4831 iterum
1595 4767 1756 4846 baptisari.

233 4856 299 4904 nnn
313 4842 354 4904 sit
364 4841 673 4921 erinenspatetqnia
686 4849 759 4906 tunc
770 4847 848 4910 tides
860 4852 1094 4928 essetevideus3
1505 4885 1508 4892 Δ

233 4923 320 5001 quod
332 4941 395 4987 non
411 4923 452 4990 sit
464 4931 582 4986 certum
597 4925 781 4991 certitudine
795 4930 889 5003 linei,
907 4940 1007 5011 patet.
1025 4936 1096 5014 quia
1473 4902 1589 5003 carun
1603 4940 1681 5002 llll,

233 5019 297 5067 non
312 5013 431 5070 constat
442 5005 532 5069 nohis
547 5007 742 5084 certitudine,
760 5014 809 5073 cni
831 5030 892 5076 non
908 5017 1006 5094 possit
1020 5019 1093 5080 sub·

234 5101 305 5148 esse
320 5089 453 5165 laisum,
467 5089 630 5157 illamnon
645 5105 716 5154 esse
731 5093 908 5160 illusionem
923 5097 1094 5163 daemonis.
1216 5133 1219 5143 ·
1417 5097 1498 5160 Noto
1512 5096 1719 5160 duodecimo.

233 5165 373 5232 Daemon
387 5172 469 5236 enim
483 5171 541 5241 etsi
553 5189 616 5236 non
627 5178 729 5253 potest
741 5175 841 5240 lacere
852 5183 1093 5258 reremiracula,
1488 5209 1490 5214 ·

233 5257 339 5314 tamen
366 5259 470 5331 potest
492 5253 594 5320 lacere
624 5265 808 5338 apparenter
840 5262 931 5326 etiam
966 5265 1096 5328 maxima
1180 5263 1368 5328 Duodecimn
1395 5268 1464 5326 nota
1480 5259 1657 5326 esttamen
1674 5257 1899 5338 propheticum.
1916 5259 1998 5322 Sicut

233 5347 388 5413 quaeque.
464 5416 471 5432 ‚
1140 5349 1226 5410 onina
1251 5347 1391 5411 Christus
1409 5346 1507 5408 ldarci
1524 5349 1578 5406 ult.
1595 5343 1744 5421 promittit
1771 5341 1933 5406 Ecclesiae
1947 5342 1998 5404 do

275 5412 339 5509 Cur.
349 5431 423 5511 ergo
438 5415 610 5512 (inquies)
626 5423 810 5488 tenebantur
830 5426 961 5492 eredere
975 5427 1095 5494 christo
1140 5447 1214 5494 nom
1231 5429 1501 5502 rnirnculorum‚ita
1516 5428 1606 5490 eiiam
1620 5422 1699 5488 tiict.
1709 5424 1740 5488 2.
1758 5431 1933 5504 exponente
1946 5425 1998 5486 Pe·

233 5497 445 5593 praedicanti,
462 5516 515 5579 qur
530 5503 598 5582 ejus
612 5505 760 5569 miracula
776 5507 944 5574 uidebant?
958 5510 1095 5588 llespon·
1141 5518 1186 5575 tro
1202 5515 1268 5576 Act.
1285 5511 1317 5574 2.
1334 5511 1482 5591 promittit
1496 5511 1610 5572 donum
1625 5507 1905 5587 prophetiaa‚quod
1916 5515 1997 5571 carte

224 5581 316 5676 deo:
333 5577 409 5676 Quia
422 5581 514 5644 humo
531 5601 593 5648 nou
607 5593 709 5664 potest
724 5590 832 5653 salvari
848 5591 917 5657 sine
932 5593 993 5658 llrle
1008 5593 1094 5658 Chri·
1141 5602 1188 5658 ast
1203 5594 1367 5660 maximum
1382 5611 1391 5670 3
1406 5609 1476 5656 curn
1491 5597 1606 5654 certum
1632 5590 1694 5664 sit,
1712 5591 1870 5654 neminem
1884 5605 1996 5670 cogno·

234 5669 286 5726 sta:
303 5669 335 5728 et
347 5663 418 5728 adeo
432 5669 554 5730 tenetur
567 5670 709 5751 accipere
721 5685 788 5736 eam
803 5673 944 5753 ildem‚ut
958 5677 1094 5742 medinm
1140 5694 1228 5741 scere
1244 5678 1343 5740 lutura
1359 5673 1578 5754 contingentia,
1595 5671 1815 5751 eremeliae,
1832 5671 1932 5738 isaiae
1947 5673 1995 5735 ll.
