4098 6294
264 327 319 384 tte
943 328 987 386 bh·
1007 319 1218 388 Pthtliohlo

537 453 654 522 illul
675 457 715 522 E.
1101 462 1251 527 medium:
1267 459 1330 526 Pro
1345 459 1473 536 amma,
1488 458 1601 538 inquit,
1616 457 1840 542 Enconiuqis
1853 458 1974 524 uolun-

303 595 305 604 ,
1101 546 1153 614 cti.
1171 550 1250 620 aret,
1267 551 1296 609 et
1309 543 1520 624 reihiqerium
1532 543 1665 607 interna
1679 543 1861 622 adpostutet
1875 544 1918 618 ei,
1937 545 1973 606 ct

242 624 404 692 mannitus·
416 624 648 705 paraetonium
662 623 851 690 testimoniis
865 623 1001 692 Petrum
1098 627 1138 693 in
1149 630 1261 707 prima
1273 627 1509 694 resurectione
1523 627 1766 696 consortiumst
1779 625 1893 705 canat
1904 641 1971 688 un-

404 721 599 786 qruccarnm
612 712 643 770 et
656 705 846 774 mctnonna.
1098 713 1176 776 moia
1191 711 1302 776 dietata
1317 707 1522 774 dormitionis
1538 709 1631 788 cisum·
1645 725 1725 774 num
1741 707 1822 772 haec
1835 710 1905 772 nisi
1919 709 1970 784 se-

1100 796 1180 858 ccrit
1191 807 1265 858 uere
1277 792 1466 872 repudiauit
1490 799 1649 872 quunhrrn
1664 793 1701 855 iu
1716 794 1788 870 ipso
1802 799 1858 854 est.
1874 792 1968 854 idem

233 874 353 938 Primus
378 870 593 946 culminibus,
609 871 753 936 Clemens
768 873 824 936 lib.
840 872 872 936 Β.
884 873 1009 938 constit.
1025 893 1055 940 a.
1099 877 1155 941 lib.
1172 878 1211 939 de
1227 877 1437 938 exhortatione
1452 875 1600 938 castitatis
1614 874 1721 954 procul
1737 891 1752 934 a
1769 874 1885 937 medio.

194 957 247 1030 il,
262 959 385 1036 longam
401 955 570 1018 orationem
585 954 737 1019 describit
749 972 804 1036 pro
820 956 975 1020 dehunctis
990 958 1057 1021 ilerl
1137 959 1175 1021 Β.
1193 958 1362 1038 Cyprianus
1384 955 1448 1019 hoq
1458 958 1487 1020 l.
1503 961 1594 1037 epist.
1610 957 1641 1018 9.
1657 957 1832 1036 Episcopi,
1848 955 1965 1035 inquit,

192 1038 502 1118 salitambionpsius
516 1038 555 1100 dc
570 1038 781 1100 ecclesiastica
797 1039 1055 1118 hierarchiapap,
1099 1048 1315 1104 antecessores
1329 1040 1432 1103 nostri
1446 1045 1697 1112 censueramus
1707 1041 1780 1120 quis
1790 1040 1896 1117 fretur
1907 1056 1970 1102 cus·

193 1123 224 1186 l.
240 1139 307 1201 par.
331 1119 361 1183 3.
377 1121 536 1184 incedens
550 1167 558 1194 ‚
574 1120 695 1200 inquit,
713 1121 833 1185 wude
847 1124 1055 1186 venerandus
1100 1126 1217 1188 cedens
1232 1126 1277 1188 usi
1291 1123 1425 1186 tutelam
1437 1123 1488 1184 uei
1502 1139 1626 1198 cauum
1643 1123 1799 1186 sunnon
1809 1123 1968 1186 numina·

191 1207 467 1284 cmutuprecon
479 1217 612 1266 samum
625 1217 725 1282 super
738 1210 905 1268 manuum
913 1207 1052 1286 peropto,
1098 1212 1160 1281 ret,
1176 1223 1216 1269 cc
1227 1209 1257 1270 si
1269 1208 1342 1287 quis
1356 1206 1416 1270 hoc
1429 1205 1566 1284 sacmeel,
1574 1221 1644 1270 uon
1658 1203 1828 1285 otiaretur
1838 1221 1900 1284 pru
1915 1221 1968 1276 co,

189 1293 346 1368 precatur
355 1287 460 1350 oratio
472 1286 535 1350 ilic
548 1286 698 1350 ultumum
708 1286 966 1363 clementinum
976 1305 1055 1353 cun·
1098 1287 1365 1369 nqcsucra'ficium
1374 1304 1434 1367 pro
1446 1288 1642 1352 tanaiticus
1650 1288 1720 1366 ejus
1732 1287 1965 1352 celebraretur.

190 1378 243 1434 otc
256 1371 397 1436 nimietas
409 1383 470 1450 per
479 1367 704 1448 mmuatem
714 1368 897 1433 lemannum
908 1372 1056 1434 numism
1099 1371 1137 1435 Et
1151 1373 1227 1434 inira
1242 1389 1251 1433 ε
1267 1373 1307 1434 Et
1319 1373 1395 1434 ineu
1412 1371 1516 1434 tictar
1530 1385 1605 1434 cuna
1618 1375 1734 1434 cantra
1746 1369 1890 1449 [mnsam
1902 1385 1968 1434 nu

188 1457 326 1533 peccata
336 1453 499 1531 othmaro,
517 1466 656 1532 euntque
672 1451 711 1515 in
726 1455 797 1515 tuce
810 1457 946 1526 statum,
963 1459 993 1516 ct
1005 1470 1055 1518 rc·
1097 1471 1158 1534 per
1171 1455 1209 1519 in
1219 1456 1357 1518 concilio
1369 1470 1391 1516 u
1401 1451 1623 1520 caenantibus
1633 1455 1747 1518 datam
1760 1454 1969 1516 terminium

188 1538 287 1616 piane
299 1536 460 1600 numum.
475 1534 731 1608 hmanasiusuel
745 1534 933 1616 quicumque
948 1537 989 1598 sit
1003 1554 1056 1599 au·
1099 1535 1297 1601 Raraunum
1319 1536 1543 1618 presbytenom
1557 1551 1659 1598 cuseos
1672 1538 1714 1598 ait
1728 1541 1871 1599 actorem
1887 1552 1966 1598 con·

191 1626 268 1693 clar,
284 1623 406 1699 quaest.
422 1616 474 1680 tl.
489 1617 528 1680 sd
543 1616 740 1693 Antiochum,
757 1618 888 1698 quaerit,
906 1635 980 1684 num
990 1620 1057 1681 ani·
1102 1621 1234 1684 omnem
1247 1667 1255 1694 ,
1270 1636 1340 1684 raon
1354 1624 1477 1700 estque
1490 1634 1551 1698 pro
1566 1619 1761 1682 comunione
1785 1619 1857 1700 ejus
1872 1619 1970 1700 sputi

192 1718 261 1766 mue
277 1703 412 1765 sentient
422 1701 584 1763 utilitatem
596 1715 634 1763 an
645 1699 836 1764 orationibus
848 1701 1058 1764 vivarumlle-
1103 1719 1158 1766 nus
1172 1701 1230 1781 fiat
1245 1702 1377 1772 oblatio,
1395 1708 1453 1766 out
1468 1703 1656 1781 deprecatio
1671 1701 1798 1782 aliqua

191 1785 339 1866 spondet,
355 1782 472 1848 sentire
487 1783 625 1846 ansuino.
642 1781 773 1846 Basilius
785 1783 817 1846 in
833 1783 956 1864 liturgia
970 1784 1057 1848 insli-
1144 1786 1178 1848 Β.
1195 1785 1375 1848 Ambrosius
1400 1783 1455 1847 lib.
1471 1783 1503 1845 2.
1519 1785 1611 1864 epist.
1627 1783 1660 1847 8.
1675 1785 1713 1844 ad
1729 1777 1913 1846 Faustinum
1928 1782 1970 1844 de

193 1869 253 1933 tuit
268 1869 437 1930 orationem
453 1880 509 1944 pra
524 1865 665 1929 mortuis.
1104 1866 1192 1930 obitu
1206 1869 1335 1931 suroris:
1351 1867 1475 1947 limpore,
1489 1868 1589 1946 inquit
1602 1913 1610 1940 ,
1625 1883 1695 1930 nun
1708 1871 1777 1929 tam
1790 1865 1971 1944 capturam

234 1949 399 2029 Gregorius
423 1945 562 2012 Nunianu.
578 1948 609 2008 in
635 1951 711 2010 urat.
734 1945 766 2008 iu
782 1944 958 2012 caesarium
973 1949 1060 2014 circa
1097 1949 1584 2030 tamquamtamqnuam
1598 1949 1800 2014 orationihus
1814 1963 1971 2020 acernae
2033 1975 2034 2016 1

192 2033 248 2097 lln.
264 2033 333 2114 ipsi
345 2031 421 2107 Dea,
437 2029 721 2109 inquinctnourcs
736 2033 767 2091 ct
780 2032 1059 2112 eorumquiqua·
1099 2031 1380 2112 moestificandam
1395 2033 1570 2114 luchmpmis
1586 2033 1670 2103 tuis,
1684 2033 1743 2096 sect
1756 2047 1789 2093 m
1832 2031 1970 2093 mohin
2033 2041 2034 2056 ¹

192 2117 272 2180 siin
283 2116 341 2178 uic
353 2114 536 2194 paratiores
547 2113 642 2193 prius
656 2113 702 2176 ali
715 2111 1059 2194 mapinumperucne·
1101 2116 1244 2179 tionibus
1259 2115 1565 2192 animameiusllco
1579 2115 1772 2178 commenda
1841 2113 1972 2176 m.Vld0
2033 2175 2034 2196 ,

191 2194 1060 2276 runt,animosoomnaenucnus.1biuanuntproam-
1102 2197 1780 2271 aiamorationesasabitulheudnsii,sle
1805 2195 1893 2259 obitu
1910 2195 1971 2257 ia·
2033 2265 2034 2288 χ

194 2299 244 2344 ma
258 2282 401 2362 ejusdcm
418 2278 551 2342 Caesarii
565 2296 573 2340 ε
589 2277 725 2357 Ephrem
740 2277 773 2340 in
788 2293 845 2341 suu
858 2285 1057 2342 testamento:
1103 2281 1263 2344 lentiniani
1278 2329 1287 2360 ,
1303 2287 1335 2344 ct
1349 2282 1388 2344 dc
1405 2281 1490 2346 obitu
1507 2281 1604 2361 Sutpri
1618 2325 1628 2352 ‚
1644 2280 1675 2342 in
1692 2279 1806 2360 quibus
1820 2279 1972 2342 omuibus

192 2360 632 2443 aerumnosissimam
646 2359 850 2424 orationibus
863 2362 929 2425 nasi
941 2376 1061 2426 memo-
1102 2379 1158 2444 pro
1173 2364 1334 2427 animabus
1355 2364 1583 2445 praedictorum
1599 2362 1664 2426 lieo
1679 2362 1855 2442 supplicat,
1870 2368 1904 2426 et
1918 2378 1971 2425 sa·

194 2448 283 2512 mam
295 2445 562 2525 iacimiqetenim
574 2444 815 2520 insanitatem
828 2444 1003 2526 iniquitute
1016 2445 1060 2510 ai·
1102 2445 1217 2510 crihcis
1233 2463 1268 2510 ss
1283 2448 1456 2512 oblaturum
1473 2445 1649 2525 pollicetur.

192 2536 261 2593 tam
273 2528 385 2608 percpi
398 2544 517 2590 mcum.
1143 2530 1177 2593 Β.
1194 2527 1444 2611 hieronymusin
1461 2528 1593 2609 epistnrl
1607 2525 1835 2592 Pammachium
1847 2526 1887 2590 ria
1899 2526 1971 2588 obi·

234 2611 367 2692 cyrillus
382 2608 537 2674 catechesi
558 2607 590 2672 5.
606 2605 826 2689 mystagogicu.
841 2607 986 2690 Denique
998 2627 1059 2690 pro
1103 2617 1136 2674 tn
1151 2611 1295 2676 Paulinae
1309 2613 1414 2676 uxoris
1429 2619 1500 2674 aula
1515 2609 1675 2674 medium:
1693 2609 1817 2674 caetani
1829 2609 1970 2682 mariti.

195 2693 346 2758 omuibus
362 2703 507 2766 mamus,
524 2693 583 2774 qui
594 2691 682 2754 inter
694 2706 755 2755 nos
769 2693 839 2754 uita
851 2691 1059 2770 iunctisunt,
1104 2695 1318 2774 inquinamur
1331 2695 1472 2759 tumuitus
1486 2692 1664 2774 coruupum
1673 2698 1835 2774 spmqum
1846 2693 1969 2764 uiolas,

194 2779 383 2875 marcinannus
407 2777 571 2839 arctantes
587 2789 654 2838 esse
674 2775 1059 2872 animumanimumum,
1102 2793 1217 2850 rasos,
1233 2778 1306 2841 lilia
1329 2777 1489 2858 nomque
1514 2791 1720 2858 pumiceas,
1734 2775 1971 2840 Pammachius

192 2855 1062 3036 istu
1103 2858 1973 3024 summme

195 3026 263 3096 tini
280 3023 599 3096 dicil,eumruluisss
614 3023 742 3103 sepulum
756 3021 916 3086 incelebri
931 3024 1059 3104 templu,
1104 3025 1258 3089 cuonone
1282 3027 1366 3104 fouet
1386 3026 1509 3089 cineres
1533 3025 1732 3106 quiescentes
1746 3071 1753 3101 ,
1769 3025 1875 3088 scietas
1888 3025 1971 3086 scri·

194 3115 229 3172 ut
242 3107 330 3171 heret
355 3106 510 3186 particeps
534 3105 699 3168 multarum
724 3103 909 3168 orationum.
925 3103 1061 3186 Epiphu·
1101 3114 1219 3189 ptum:
1233 3109 1318 3182 sicut
1331 3123 1423 3189 aqua
1437 3107 1599 3188 antinpuit
1621 3107 1755 3188 mnu,
1770 3107 1821 3172 itu
1834 3107 1972 3172 etecusa-

194 3192 266 3253 nius
281 3190 311 3251 in
328 3188 390 3252 ssus
407 3189 511 3268 operis
526 3193 632 3250 contra
648 3189 806 3263 haereses,
822 3194 966 3250 numerat
980 3189 1061 3252 inter
1104 3207 1191 3274 syna
1203 3197 1386 3269 paccatum.

194 3274 335 3352 capuan
351 3270 509 3334 Ecclesiae
524 3270 692 3333 cretionem
708 3285 763 3350 pro
775 3267 977 3344 deiunctis‚ct
987 3271 1061 3334 has·
1146 3274 1179 3337 Β.
1197 3273 1342 3336 Paulinus
1369 3273 1500 3338 nolanus
1515 3273 1547 3336 in
1563 3272 1658 3352 opius
1674 3273 1713 3336 ud
1728 3270 1864 3336 eundem
1879 3269 1968 3334 Pam·

193 3356 257 3419 resi
283 3354 334 3418 li.
359 3353 485 3417 terium
508 3353 698 3418 haereticum
723 3351 817 3429 iacit,
834 3353 906 3432 quia
930 3353 1060 3417 hocne·
1106 3355 1259 3422 muchium
1275 3355 1476 3428 laudunum,
1507 3357 1591 3435 quod
1606 3355 1772 3436 etcorpori
1798 3354 1971 3417 etunimse

195 3437 298 3519 gabat.
1104 3439 1207 3502 usuris
1216 3439 1377 3503 deiunctae
1390 3437 1707 3519 sanctaceritporpon
1721 3437 1972 3518 lachrymisani«

236 3520 475 3601 chrysostomus
490 3515 600 3581 humil.
615 3515 702 3579 iliu
718 3514 852 3596 priorem
868 3515 906 3578 ud
918 3513 1057 3582 (ioriulh.
1103 3537 1173 3585 mne
1187 3522 1407 3602 eleemosynis.
1423 3521 1510 3584 Item
1525 3523 1557 3584 in
1573 3522 1665 3600 epist.
1681 3519 1714 3584 5.
1726 3522 1764 3587 ud
1779 3519 1973 3598 Delphinum

193 3604 340 3675 mossur,
359 3601 469 3680 iuquit,
484 3606 714 3663 marturianum
728 3599 1059 3681 lachrymisscdpre·
1105 3605 1286 3684 episcopum
1312 3605 1533 3668 oecumenicus
1559 3605 1604 3666 illi
1620 3603 1752 3676 animam
1779 3602 1879 3666 fratris
1894 3604 1971 3664 sui:

195 3686 285 3749 cibun
298 3733 306 3752 .
321 3681 638 3764 supplicationem,
666 3682 889 3764 elecmosynis.
905 3681 943 3743 Et
956 3683 1058 3746 inira:
1105 3685 1184 3761 Euo,
1202 3688 1320 3767 inquit,
1335 3695 1372 3750 ut
1386 3685 1589 3750 arationibus
1604 3686 1668 3749 tuta
1682 3687 1884 3750 contonetur
1898 3683 1972 3756 tibi.

195 3771 237 3834 lic
248 3769 423 3848 satipemur
436 3766 573 3829 mortuis
588 3765 757 3828 ancilium
767 3765 863 3843 ieme,
877 3780 989 3844 preces
998 3782 1060 3845 pro
1106 3777 1136 3833 st
1149 3775 1187 3832 ut
1199 3771 1289 3834 iliiuu
1314 3771 1463 3834 animam
1477 3771 1517 3833 oe
1531 3771 1668 3833 minimo
1693 3769 1876 3832 sanctitatis
1893 3773 1972 3832 tuac

197 3851 264 3916 iuis
291 3849 469 3932 offerentes.
486 3849 599 3912 llumil.
615 3847 667 3909 ut.
684 3849 721 3909 un
743 3850 892 3927 papalum
907 3865 915 3909 ι
931 3847 1003 3912 Non
1017 3856 1060 3911 ia·
1106 3853 1208 3930 ‹iiqito
1223 3853 1392 3916 destillans
1404 3851 1570 3932 rcfriqerii
1591 3858 1869 3932 pumrcsporpac.
1888 3851 1971 3912 Elin

195 3949 283 3998 mero
297 3933 338 3996 ab
350 3932 505 4012 apostolis
520 3932 599 3995 haec
613 3931 742 3993 sancitu
754 3929 989 4008 incernatuiin
1000 3937 1060 3996 trc-
1106 3936 1197 4014 epist.
1214 3936 1450 4014 sequenti,quuc
1465 3940 1513 3996 ast
1528 3935 1625 4016 prima
1640 3933 1679 3997 ud
1694 3934 1973 3996 hmaudnmsimi·

194 4015 520 4098 maternorum,
537 4013 765 4092 tetlsncturum
789 4018 1061 4090 aputurcorumc·
1105 4018 1147 4080 lin
1161 4017 1258 4092 dicit,
1277 4017 1499 4082 commendans
1525 4018 1657 4082 eandem
1681 4017 1816 4080 animaru
1830 4016 1973 4080 tmaudo

194 4100 334 4164 moratis
346 4117 359 4176 ‚·
372 4098 482 4162 scitari
495 4097 676 4160 cuicuinus
689 4096 829 4158 muttum
851 4095 918 4158 iliis
933 4096 1059 4160 contitu-
1107 4100 1269 4181 episcopo.

194 4199 270 4262 pere
286 4183 425 4256 mareau,
442 4179 618 4242 utilitatem
630 4177 779 4240 mattam.
797 4176 880 4239 ldem
897 4177 1059 4242 humilii.
1148 4185 1181 4245 Β.
1198 4183 1389 4262 Augustinus
1415 4181 1454 4245 de
1469 4197 1541 4245 cura
1557 4197 1612 4261 prs
1626 4180 1756 4246 mortuis
1771 4227 1779 4250 .
1796 4193 1865 4259 cop.
1876 4179 1916 4242 Β.
1933 4179 1974 4242 ln

193 4266 227 4327 in
242 4265 347 4328 llatth.
363 4270 395 4326 et
408 4261 460 4324 st.
479 4264 510 4324 in
525 4261 614 4324 tuan.
631 4260 738 4322 humil.
749 4259 781 4322 s.
797 4260 829 4322 iu
845 4260 979 4340 epist.ssl
990 4260 1060 4323 Phl-
1105 4263 1588 4344 heumaucorumhnquiauthru
1603 4265 1739 4343 mmmm
1751 4263 1900 4327 obtutum
1909 4279 1972 4341 pra

195 4347 275 4426 lipp.
291 4351 322 4410 al
335 4346 387 4408 21.
404 4346 436 4408 in
451 4350 516 4407 acta
530 4343 758 4424 apostulorum.
775 4348 805 4405 et
818 4341 905 4406 alibi.
921 4343 1061 4407 uheoeo-
1105 4350 1242 4412 uwrtnis
1256 4345 1476 4428 sanctinum,
1491 4347 1637 4411 sericisi
1649 4362 1817 4428 nusquam
1830 4347 1871 4409 iu
1885 4343 1973 4410 Scri·

196 4436 283 4492 retus
299 4429 354 4490 lib.
370 4428 402 4490 5.
418 4427 538 4490 histor„
549 4443 618 4504 cup.
635 4425 687 4488 ii.
703 4424 833 4492 scribit.
849 4425 1061 4494 Theodosium
1103 4433 1210 4510 pluris
1223 4431 1383 4496 ueteribus
1399 4431 1567 4512 inperetur,
1583 4443 1653 4494 non
1664 4445 1769 4509 parum
1785 4427 1973 4493 estuniucr·

193 4511 350 4593 juniorem
364 4509 572 4590 procubuisse
586 4508 624 4571 ud
637 4507 784 4589 reliquias
797 4505 955 4572 s.luannis
966 4507 1061 4589 chry·
1105 4529 1162 4576 suc
1176 4513 1338 4576 Ecclesiae
1351 4560 1360 4581 ,
1376 4529 1463 4594 quac
1479 4515 1519 4576 iu
1532 4512 1594 4576 hcc
1618 4513 1855 4578 comminatius
1870 4511 1973 4574 claret

195 4593 371 4666 sustoni,et
385 4607 493 4655 orasse
507 4607 563 4670 pra
577 4589 741 4652 animabus
757 4598 1061 4668 pareutumsuurum
1106 4596 1295 4668 cunnum,
1310 4595 1370 4658 ubi
1381 4599 1421 4660 irs
1431 4594 1581 4676 metibus
1595 4595 1791 4665 secmariis,
1807 4609 1893 4675 quiue
1914 4595 1974 4656 do·

196 4676 319 4742 Arcadii
335 4681 365 4738 st
380 4673 538 4740 Eudoxias
550 4673 614 4754 jam
632 4673 859 4736 defunctorum.
1105 4678 1196 4743 mino
1209 4677 1274 4742 Euo
1289 4679 1336 4742 nd
1350 4676 1421 4756 ejus
1436 4679 1541 4743 uitare
1552 4677 1863 4758 fundamentorum
1871 4691 1973 4740 suum

238 4759 487 4840 Theuphylactus
501 4756 534 4819 in
549 4772 618 4835 cap.
636 4755 834 4819 lacaenas
848 4760 958 4820 nauem
972 4757 1059 4833 iiico,
1106 4761 1200 4825 babet
1215 4763 1314 4826 etiarn
1328 4763 1565 4826 commendatio
1579 4767 1796 4826 summorum.
1812 4758 1850 4824 Et
1864 4757 1971 4835 aspi.

196 4843 309 4924 inquit,
326 4845 458 4923 propter
471 4839 649 4904 solutiones
664 4843 694 4902 ct
708 4837 963 4912 distributiones,
975 4855 1061 4920 quae
1109 4843 1188 4907 Cum
1199 4845 1314 4926 unque
1326 4843 1441 4908 recolat
1454 4846 1587 4910 annuus
1601 4845 1660 4908 uhi
1669 4843 1831 4924 sepultum
1841 4841 1884 4904 sit
1895 4839 1973 4903 chu-

195 4925 280 5004 finnt
290 4941 350 5006 pru
365 4923 539 5004 tentastis,
555 4937 641 5001 quus
654 4935 860 5000 nonnarum
873 4923 1061 4988 eonmtcunt
1104 4927 1227 4991 mosim
1239 4943 1379 5007 corpus,
1395 4933 1425 4992 ot
1438 4929 1577 4992 oceanis
1597 4928 1686 4992 mnas
1699 4927 1835 4991 nomine
1848 4931 1972 5004 mariq·

197 5010 297 5072 etium
309 5009 352 5073 iis
366 5055 374 5085 ‚
389 5007 502 5088 quiin
519 5003 674 5086 manibus
697 5003 822 5068 antiatis
836 5005 959 5068 mortui
970 5009 1060 5070 must.
1104 5011 1151 5074 ris
1163 5007 1376 5084 musabum,
1393 5009 1500 5073 mecm
1513 5017 1638 5092 martur
1653 5011 1804 5074 mam
1817 5008 1974 5072 enectum

197 5089 409 5155 humescentis
432 5089 465 5152 in
480 5089 536 5152 lib.
553 5088 592 5150 ‹lc
607 5087 647 5150 iis
671 5087 772 5166 quiin
787 5085 849 5150 lida
866 5089 1059 5166 migrarunt,
1106 5091 1311 5155 commendat
1323 5093 1528 5155 recordantis
1544 5099 1573 5154 ct
1583 5094 1748 5172 precantis
1764 5089 1973 5172 affectumqui

198 5173 307 5250 probat
320 5173 401 5236 banc
415 5172 573 5236 raritatem
585 5168 773 5234 testimoniis
786 5169 893 5233 multis
907 5170 1059 5250 Dionysii,
1106 5190 1181 5238 cum
1196 5173 1357 5252 aeiunmu's
1381 5190 1404 5237 a
1415 5173 1565 5253 instabas
1592 5175 1783 5249 salutetur,
1808 5191 1884 5238 nom
1897 5189 1972 5252 pro·

196 5253 353 5320 Athanasii
367 5301 375 5328 ,
392 5255 530 5336 Gregorii
544 5252 722 5316 nazianzeni
735 5297 744 5330 ,
760 5250 900 5334 Gregorii
919 5253 1060 5333 nysseni,
1106 5259 1195 5321 Mose
1208 5271 1279 5321 nnn
1292 5255 1430 5322 dubium
1454 5263 1511 5322 est.
1528 5259 1563 5318 Ei
1581 5257 1658 5320 inira
1674 5277 1684 5320 ι
1699 5257 1771 5322 Non
1784 5263 1863 5320 nunt
1874 5271 1971 5338 prus·

198 5344 229 5400 et
242 5337 463 5402 aliorumllirlc
478 5337 570 5401 eliam
584 5334 752 5400 Palladium
768 5337 802 5398 lu
816 5335 943 5399 historia
956 5335 1060 5399 Lausi·
1106 5341 1331 5405 termitteurice
1355 5339 1610 5420 supplicationes
1623 5357 1684 5419 pro
1697 5341 1869 5421 spiritibus
1884 5355 1971 5400 mur·

197 5437 263 5491 scu,
279 5435 349 5498 cap.
365 5419 419 5482 ll.
616 5461 622 5474 .
646 5503 647 5506 Ἴ
1107 5427 1334 5504 tuorumquus
1349 5423 1518 5500 iacienm
1531 5441 1593 5502 pro
1607 5423 1758 5489 omnibus
1768 5425 1808 5487 in
1821 5422 1971 5486 chrisua·

236 5501 402 5566 Veniamus
416 5500 453 5564 st
469 5501 603 5566 Latinos.
619 5500 826 5564 Tertullianus
841 5501 875 5562 in
889 5499 988 5563 lib.de
1004 5498 1059 5563 Cu·
1105 5521 1153 5569 nu
1168 5513 1196 5569 ct
1210 5506 1534 5570 catholica‘societute
1550 5507 1730 5584 defunctis,
1746 5508 1848 5571 etium
1865 5505 1973 5567 tacita

195 5603 270 5648 rana
285 5583 394 5648 militis
407 5583 508 5658 ,inter
523 5583 702 5648 haditioncs
717 5581 903 5664 apostolicas
918 5589 1060 5646 numerat
1104 5589 1292 5653 numinmus
1305 5604 1521 5670 quorumque.
1538 5589 1598 5654 sub
1615 5591 1762 5670 uenerati
1777 5603 1971 5654 commemo·

195 5667 340 5750 sullrugic
355 5683 411 5749 pro
426 5664 592 5743 ieiunatis,
609 5672 642 5730 et
655 5665 712 5730 lib.
725 5671 764 5732 uc
776 5665 968 5746 monogamia
982 5665 1059 5730 ultra
1104 5673 1231 5736 ruham
1245 5673 1385 5752 suscepit
1400 5671 1566 5751 Ecclesia,
1583 5679 1620 5737 ut
1633 5673 1753 5754 quihus
1777 5674 1903 5738 etism
1916 5671 1969 5734 ‹le-
