4082 6300
257 369 310 428 ,ω
878 361 1301 426 uerecussununmru

80 513 83 518 '
179 522 222 574 -eo
243 493 313 568 loco
335 520 396 568 nen
419 503 481 583 agit
502 501 542 565 de
563 501 632 570 leco
653 498 823 580 arationis:
845 498 901 562 sed
923 497 962 560 de
985 513 1049 560 ma·
1137 501 1315 566 adscitum
1339 507 1445 581 posset
1468 501 1556 580 diei,
1579 502 1611 566 iu
1636 502 1778 586 symbolo
1804 521 1865 570 non
1891 507 1967 586 poni

182 591 235 653 do'
254 594 285 651 et
306 587 387 650 ritu.'
402 587 434 650 Si
457 585 540 649 anim
572 585 676 647 dicere
691 581 862 654 voluisset,
890 595 980 642 veros
994 580 1050 643 Dei
1098 591 1228 654 tantum.
1250 583 1350 648 Credo
1372 585 1567 659 Ecclesiam,
1590 589 1669 658 sed,
1694 587 1794 652 Credo
1814 597 1968 654 sonatum

183 673 318 736 cultores
339 687 402 734 non
424 669 556 748 amplius
578 668 755 732 adoraturos
777 666 875 728 ileum
890 665 922 726 in
944 661 1051 728 Hieru·
1096 669 1288 732 Ecclesiam.
1305 667 1397 730 Porro
1413 669 1604 738 sanctitatem
1620 669 1788 734 Ecclesiae·
1809 673 1879 734 sine
1910 675 1966 736 du·

183 755 297 826 selem,
322 767 424 836 neque
440 754 469 814 31¹
487 749 759 821 montodanum,
782 748 892 810 inlsum
908 745 1049 810 dixisset.
1096 753 1149 816 blo
1173 749 1360 814 invisibilem
1376 765 1460 814 csso.
1476 751 1536 814 Sed
1557 753 1670 816 melius
1693 753 1787 826 dico,
1811 754 1843 816 in
1858 757 1967 818 Eccle-

184 839 308 902 Constat
332 835 415 900 eninr
430 837 550 898 Petrum
568 832 785 903 etiannum,
808 835 1051 909 postaeueptum
1097 837 1142 898 sin
1158 832 1272 912 aliquid
1289 833 1397 906 rideri,
1414 841 1446 896 ot
1458 835 1577 914 aliquid
1599 834 1695 900 credi.
1718 836 1868 900 Videmus
1883 840 1967 902 enim

184 922 330 1000 Spiritum
355 915 713 992 sanctun,asnendtsse
735 915 768 976 in
784 913 930 993 templum
953 913 1053 974 bieco.-
1097 933 1168 980 euin
1197 921 1321 978 coetum
1348 915 1507 979 bominum
1522 918 1616 996 ‚aqui
1646 923 1694 980 cst
1720 918 1885 991 Ecclesia,
1909 925 1966 984 sed

184 1004 402 1082 solymitanum
417 1001 453 1062 ad
470 1002 575 1062 trorum
590 997 738 1064 orationis
754 1011 878 1064 nonem.
894 1000 927 1058 ut
941 996 1053 1058 dicitur
1097 999 1179 1080 quod
1204 998 1258 1061 iile
1282 1005 1393 1060 coctus
1413 999 1462 1062 sit·
1480 999 1547 1078 ipsa
1571 1015 1639 1064 vern
1662 999 1941 1068 cbristi‘Eaatesrn
1961 1051 1969 1072 ,
2024 1054 2028 1064 Α

184 1088 216 1149 in
232 1087 308 1148 artis
323 1084 454 1164 apostol.
470 1083 499 1146 3.
524 1081 648 1149 Constet
663 1081 777 1148 etiam.
803 1093 928 1156 semper
956 1078 1052 1140 inisse
1097 1099 1159 1146 nou
1182 1081 1344 1146 ridemus.
1368 1082 1423 1144 sed
1446 1081 1614 1146 eredimus.
1628 1082 1703 1147 Vera
1718 1083 1813 1146 enim·
1825 1087 1968 1150 Ecclesia

185 1175 291 1250 postea
307 1169 337 1229 in
352 1165 525 1230 Palaestina
541 1164 742 1234 Christianos,
767 1161 820 1242 qui
835 1161 933 1223 Deum
947 1160 1053 1222 :odora-
1098 1171 1166 1236 est,
1190 1179 1270 1243 quae
1285 1163 1444 1241 profitetur
1458 1163 1569 1228 Christi
1591 1165 1696 1228 iidem:
1713 1167 1788 1240 Quis
1816 1177 1921 1232 nutem
1938 1185 1969 1228 e·

184 1259 293 1314 rerunt
308 1253 338 1312 in
354 1249 545 1314 Hierusalem
562 1295 571 1322 ‚
599 1249 675 1312 utin
691 1252 793 1308 monte
817 1243 960 1313 Gerizim,
974 1247 1006 1306 el
1020 1258 1053 1303 u·
1097 1249 1237 1310 videnter
1252 1248 1332 1324 suit,
1351 1255 1484 1308 nostram
1499 1246 1592 1312 iidem
1608 1263 1680 1312 esse
1696 1248 1834 1312 Christi?
1857 1253 1887 1312 id
1902 1254 1970 1330 oui·

183 1336 350 1412 bicumque
364 1347 420 1396 eos
442 1346 513 1394 esse
525 1329 734 1408 contingebat.
758 1326 902 1405 loquitur
926 1341 999 1403 ergo
1014 1325 1054 1386 de
1098 1334 1168 1394 dem
1191 1328 1276 1390 firma
1302 1345 1339 1390 ac
1365 1329 1538 1392 semissium
1564 1326 1637 1392 lide·
1651 1331 1832 1396 eredimus:
1854 1337 1915 1396 ¹sad
1939 1351 1969 1394 n.

185 1420 244 1480 ritu
270 1413 441 1491 odorandi,
465 1414 530 1476 sire
552 1412 686 1488 orandi3
715 1417 746 1472 et
767 1422 881 1476 seusus
903 1414 974 1474 est.
999 1422 1053 1469 ne·
1097 1414 1163 1475 liud
1185 1418 1233 1474 est
1247 1411 1395 1486 credero,
1420 1411 1503 1474 aliud
1519 1411 1623 1479 uidero
1640 1430 1648 1473 :
1666 1413 1759 1477 immo
1781 1417 1883 1493 ipsum
1902 1435 1969 1481 cre·

185 1518 246 1580 oue
263 1501 292 1562 in
309 1505 412 1564 monle
435 1499 494 1558 ¹100
508 1542 516 1570 2
529 1509 642 1575 neque
658 1494 688 1555 lss
711 1493 933 1570 Hlssillffllimis
948 1490 1053 1552 admit·
1097 1498 1172 1558 dere
1187 1491 1332 1564 delinitur
1344 1495 1550 1573 abupostotu,
1566 1505 1780 1574 argumentum
1796 1515 1858 1561 non
1874 1517 1969 1579 appa·

183 1584 256 1646 bitis
273 1583 400 1655 Patrem,
418 1580 509 1654 idest,
527 1593 629 1655 neque
641 1577 699 1640 ritu
714 1576 983 1646 Samaritanorum,
1000 1585 1053 1634 ne·
1098 1580 1244 1642 rentium.
1281 1603 1285 1616 ,
1509 1585 1513 1592 ·

185 1683 246 1745 qrre
261 1667 320 1729 ritu
335 1664 522 1728 ludaeorum
538 1707 545 1725 .
570 1661 626 1722 sed
643 1659 700 1721 ritu
719 1657 960 1720 Christianorum
982 1655 1054 1716 ndu·
1139 1660 1225 1734 Quod
1249 1663 1283 1720 ut
1297 1657 1410 1721 melius
1424 1658 1637 1740 intelligetur,
1667 1661 1836 1726 notandum
1858 1671 1920 1738 est,
1938 1681 1970 1728 o·

186 1749 304 1820 rabitis,
321 1746 374 1826 qui
391 1747 469 1808 ritus
484 1750 531 1806 est
546 1743 674 1806 adorare
688 1740 722 1802 in
733 1741 848 1820 spiritu
870 1745 901 1802 ct
915 1737 1053 1802 raritate.
1098 1759 1200 1807 mnem
1214 1741 1404 1812 sententiam·
1415 1742 1454 1804 de
1469 1741 1694 1820 bde‚nasci‚rel
1709 1758 1747 1806 ex
1761 1745 1884 1810 duabus
1902 1765 1971 1825 pro.

185 1831 271 1906 duod
288 1830 409 1894 duobus
426 1827 525 1893 ntodis
538 1827 711 1903 exponitur.
1097 1824 1307 1907 positionibus
1319 1823 1367 1887 -de
1382 1822 1456 1896 lide,
1472 1829 1502 1888 et
1517 1832 1590 1890 brac
1616 1832 1708 1892 totern
1731 1829 1971 1892 conclusionem

227 1914 477 1994 chrysostomus,
509 1907 641 1988 Cyritlus
672 1912 702 1968 et
716 1903 899 1984 Euthymios
924 1905 954 1964 in
972 1899 1054 1965 bunc
1098 1909 1307 1980 melidensem
1332 1921 1416 1983 esse;
1434 1907 1481 1969 rel
1503 1923 1542 1970 ex
1555 1925 1615 1971 unu
1631 1910 1670 1971 de
1691 1909 1753 1972 fide
1768 1955 1776 1974 .
1793 1912 1894 1974 altera
1908 1915 1972 1975 eri·

186 1999 302 2073 lorum,
319 1999 481 2074 opponunt
502 1991 600 2053 5¹¹⁰d²
623 1991 664 2052 ¹⁹2
687 1990 818 2067 διιῑιιὶιιι.
849 1985 1055 2050 coeremoniis
1099 1993 1184 2056 denti
1199 2007 1213 2067 3·
1225 1996 1256 2051 ct
1271 1996 1344 2052 tune
1368 1989 1602 2060 conclusionem
1620 1993 1728 2069 partim
1750 2005 1821 2056 esse
1842 1995 1971 2058 criden·

183 2081 380 2146 ludaeorum.
398 2081 551 2154 quatenus
567 2073 744 2151 corporales
759 2077 867 2146 erant3
884 2069 957 2132 illud
977 2085 984 2130 :
1014 2067 1055 2132 Ite
1100 2081 1173 2146 tem,
1189 2071 1298 2151 partim
1316 2071 1536 2134 inevidentem.
1550 2073 1631 2135 Telis
1647 2082 1694 2138 est
1708 2075 1766 2137 ista
1781 2077 1969 2142 conclusio:

183 2164 338 2234 bestiale,
365 2160 477 2224 iisdem
503 2154 707 2220 welefflllniis
725 2197 737 2227 ,ι
759 2160 912 2232 quatmus
937 2151 1054 2230 figurae
1098 2158 1152 2221 isti
1168 2155 1330 2225 nomines,
1346 2153 1399 2232 qui
1414 2169 1499 2218 nunc
1514 2155 1695 2232 prolientur
1723 2158 1815 2222 iidem
1838 2161 1898 2224 sub
1922 2179 1971 2222 ro·

184 2254 215 2309 et
228 2245 357 2310 umbrae
373 2248 460 2305 eraut
481 2255 584 2302 rerum
597 2238 777 2300 futurarum.
792 2236 1052 2314 Ebeopbylaclus
1099 2255 1189 2302 mann
1203 2236 1370 2315 pontifice,
1397 2243 1471 2298 sunt
1493 2236 1630 2302 Ecclesia
1658 2239 1791 2316 Christi3
1818 2257 1887 2304 num
1907 2245 1969 2306 ori.

184 2331 216 2392 d.
233 2329 377 2394 Thomas:
401 2332 432 2386 et
447 2323 616 2405 cajetanus
631 2325 792 2399 opponunt
803 2319 891 2382 illud:
908 2317 1054 2394 inspiri-
1099 2330 1198 2385 turex
1216 2321 1274 2382 boc
1287 2319 1488 2398 syllogismo:
1512 2319 1651 2384 Ecclesia
1669 2322 1779 2386 Christi
1796 2331 1844 2386 est
1859 2333 1971 2390 coetus

186 2419 232 2487 tu,
247 2411 316 2472 ritui
329 2403 584 2481 iudaeorum.oui
600 2404 767 2482 praecipue
783 2407 928 2464 externus
944 2408 974 2464 ct
986 2415 1054 2460 cor·
1100 2404 1257 2467 bominum
1274 2401 1479 2479 profitentium
1496 2401 1608 2466 Cbristi
1622 2403 1717 2472 iidem
1734 2451 1742 2480 ‚
1759 2407 1818 2468 sub
1844 2408 1972 2487 regimi-

186 2489 499 2574 poralis·erut;·itlud:
517 2486 556 2550 In
570 2486 726 2556 ueritate.
755 2482 827 2546 ritui
850 2482 1054 2546 Seruariluuo·
1100 2504 1140 2548 nc
1166 2486 1372 2568 legitimorum
1395 2490 1575 2560 postorum:
1598 2488 1653 2550 sed
1676 2487 1727 2550 isti
1755 2491 1807 2567 qui
1835 2491 1971 2554 subsunt

186 2593 264 2652 rum,
282 2573 334 2654 qui
351 2574 446 2636 [alsus
463 2578 492 2634 el
509 2584 658 2653 erroneus
673 2573 758 2640 el³l3
782 2567 826 2628 illi
855 2565 937 2628 enlm
962 2564 1055 2630 Simul
1101 2569 1336 2634 bodicromano
1352 2565 1512 2644 pontifici,
1535 2578 1607 2632 sunt
1630 2570 1698 2633 talis
1721 2578 1841 2649 coctus;
1872 2574 1968 2651 igitur

186 2655 448 2724 colebantlleum
463 2669 568 2717 rerum
593 2657 624 2713 et
639 2649 837 2714 deosiabes.
865 2648 971 2726 imque
996 2647 1055 2708 llo·
1100 2659 1173 2717 sunt
1194 2649 1331 2716 Ecclesia
1360 2646 1487 2714 Cbristi.
1514 2650 1550 2714 In
1580 2669 1643 2732 qap
1664 2654 1844 2734 syllogismo
1870 2657 1970 2738 major

186 2743 289 2806 minus
305 2739 390 2814 dicit,
407 2738 497 2803 ritum
511 2734 616 2814 popuii
633 2730 796 2796 Christiani
812 2730 1055 2808 inrepraecipue
1101 2732 1294 2808 astraride,
1317 2736 1347 2796 et
1368 2732 1497 2811 proinde
1519 2734 1692 2800 inevidens.
1716 2737 1814 2798 liinur
1835 2748 1884 2802 est
1909 2741 1972 2802 eri·

185 2824 377 2904 spiritualcrn
392 2865 400 2892 ‚
416 2825 448 2882 et
462 2818 554 2882 simul
569 2832 675 2880 rerum
687 2833 722 2878 ac
734 2831 843 2895 purum
856 2814 895 2880 ab
907 2815 991 2876 omui
1007 2829 1054 2874 cr·
1088 2819 1201 2893 dens:
1219 2833 1292 2878 *uam
1305 2813 1382 2877 nibil
1397 2815 1542 2892 *ponimus
1556 2816 1587 2878 in
1605 2820 1722 2882 nrinore
1737 2865 1745 2890 ,
1760 2821 1840 2898 quod
1858 2837 1921 2884 non
1938 2839 1971 2882 n·

187 2922 268 2981 rore,
284 2907 358 2970 lieet
371 2899 630 2981 spiritualisritus
646 2914 708 2961 non
720 2897 864 2960 excludat
878 2896 1072 2974 corporales.
1101 2901 1204 2974 nutis,
1226 2903 1278 2959 :rut
1300 2897 1427 2961 nuribus
1448 2899 1647 2977 percipiatur.
1674 2902 1766 2966 ilecto
1791 2919 1877 2980 erpo,
1894 2905 1971 2968 indo

186 2987 408 3057 coeremonias,
424 2991 575 3062 quatenus
591 2987 721 3062 prosunl
735 2981 772 3046 ed
788 2981 979 3060 spiritualem
991 2978 1054 3042 cul·
1100 2984 1232 3046 infertur
1253 2980 1414 3044 conclusio
1431 2981 1541 3059 partim
1557 2984 1685 3048 eridens
1701 3033 1711 3058 ‚
1734 2993 1765 3048 ει
1779 2988 1891 3064 partim
1907 2989 1975 3050 inc·

187 3069 526 3152 tumpromoveudum.
592 3107 596 3116 -
1100 3066 1225 3130 ridens.
1758 3127 1762 3136 ,
1818 3110 1822 3122 ,

227 3156 272 3217 Ad
286 3150 511 3234 quartumdieo
526 3165 597 3214 cum
612 3145 849 3240 chrysostomo,
863 3143 1056 3234 Tbeopbyla«
1142 3148 1284 3223 Denique
1300 3189 1309 3219 ,
1331 3161 1383 3208 res
1399 3146 1472 3218 itta,
1490 3163 1547 3210 seu
1559 3145 1606 3226 (ut
1620 3149 1721 3228 lopiac
1737 3151 1914 3233 loquamur)
1927 3153 1973 3216 pp.
2028 3145 2029 3152 ’

186 3243 248 3314 ειο,
266 3238 297 3300 d.
315 3236 442 3304 Thomu,
459 3237 490 3296 et
504 3233 584 3306 aliie,
599 3229 772 3309 apostolum
789 3227 832 3290 ibr
850 3243 906 3304 per
920 3232 1056 3290 monton
1101 3233 1296 3309 complexum
1324 3227 1417 3305 illud,
1441 3230 1480 3291 dc
1504 3246 1565 3306 ouo
1587 3231 1782 3309 praedicatur
1807 3233 1970 3300 Ecclesiae
2028 3285 2029 3300 ,

186 3319 261 3382 Sion
278 3315 481 3397 spiritualem,
496 3321 526 3378 ot
541 3314 695 3376 ciuitatem
706 3311 760 3374 liei
775 3309 916 3380 niventis,
932 3325 995 3370 uon
1011 3311 1056 3372 ln·
1103 3315 1179 3376 ratio
1194 3329 1230 3376 ae
1244 3307 1401 3382 delinitio,
1418 3309 1540 3376 risibile
1556 3312 1704 3392 quiddam
1715 3323 1773 3378 est:
1791 3325 1820 3377 at
1835 3319 1975 3396 compla-

188 3398 523 3482 telligereErelcsium
551 3396 756 3467 militantem,
786 3393 1054 3468 sedtriumpban·
1102 3413 1187 3467 xum,
1204 3394 1426 3456 seucounexio
1442 3394 1607 3472 praedicati
1624 3413 1694 3458 eum
1716 3398 1972 3478 subjectorsola
2028 3433 2029 3454 2

187 3491 262 3560 tem,
280 3497 412 3561 ouaeex
427 3480 532 3542 beatis*
545 3477 710 3556 spiritibus
726 3481 858 3539 constet.
885 3473 1009 3536 Ennlcrt
1023 3491 1054 3536 a·
1101 3477 1161 3540 lide
1177 3475 1388 3540 concinniter
1403 3478 1515 3540 dosunt
1530 3480 1683 3556 exemplu,
1699 3480 1812 3560 quibus
1827 3483 1888 3545 boc
1904 3485 1974 3546 illn-

189 3569 251 3629 nim
274 3579 459 3647 synagogam
476 3579 545 3626 rum
561 3560 699 3624 Ecclesia
721 3605 729 3634 ‚
753 3575 790 3620 ec
804 3557 889 3629 dicit,
912 3556 1054 3619 homines
1100 3566 1225 3624 stratur.
1241 3557 1400 3637 Siquidem
1417 3560 1573 3622 bominem
1587 3563 1686 3636 iilum,
1700 3564 1750 3641 qui
1764 3570 1815 3626 est
1831 3566 1974 3632 dirristus

190 3648 376 3714 Testamenti
407 3647 519 3709 :eteris
545 3643 717 3708 accessisse
746 3640 784 3703 ad
814 3644 948 3704 montem
975 3639 1055 3718 Syna
1100 3643 1155 3706 Dei
1172 3641 1269 3707 Filius
1286 3686 1294 3702 .
1310 3642 1619 3720 apostotirtdebnnt,
1634 3651 1776 3711 elboren
1794 3648 1880 3710 illum
1897 3667 1971 3714 esse

188 3745 398 3811 ⁰⁰lll⁰leum0
425 3735 458 3790 ul
484 3729 586 3803 aliquo
608 3726 700 3788 11¹⁰d⁰
723 3739 779 3802 per
794 3737 958 3801 lloritoreas
980 3723 1053 3784 ima·
1101 3725 1256 3788 Christum
1284 3722 1495 3800 betilium,
1527 3742 1588 3788 non
1615 3727 1833 3801 ridebantsud
1859 3734 1971 3795 crede·

190 3816 283 3894 pines
311 3811 355 3877 ibi
378 3811 476 3878 Deum
503 3812 653 3873 riderent.
676 3809 715 3870 dt
735 3808 879 3872 homines
907 3805 975 3867 nori
998 3804 1054 3867 Te-
1101 3809 1184 3870 bant.
1208 3807 1292 3868 Unde
1306 3805 1399 3868 loun:
1422 3806 1473 3870 20.
1491 3805 1605 3870 dictuur
1633 3816 1680 3874 est
1705 3811 1852 3874 litoreae:
1888 3813 1974 3889 Quia

188 3898 333 3960 stanrenti
354 3895 526 3957 accesisse
556 3908 617 3955 nun
643 3905 703 3962 rc,
726 3890 781 3952 scd
804 3905 885 3967 spe.
910 3889 947 3949 ad
969 3903 1055 3950 mou·
1100 3890 1212 3954 mdisti
1231 3905 1294 3952 me.
1322 3889 1467 3960 Tironem,
1491 3892 1669 3954 eradicate.
1697 3893 1732 3954 Et
1759 3888 1789 3956 in
1822 3899 1971 3974 symbolo

89 4049 90 4052 Ἴ
189 3987 249 4044 tem
273 3979 346 4042 Sion
369 3965 580 4055 spiritualem,
606 3975 711 4044 idest,
741 3972 778 4032 nd
801 3972 927 4051 gloriam
951 3969 1054 4032 beato·
1100 3974 1251 4036 dicimus:
1271 3969 1371 4034 credo
1386 3973 1680 4050 ouunrboptismc,
1695 3976 1767 4040 licet
1783 3977 1971 4054 videamus,

188 4075 278 4138 mur,
303 4059 356 4124 ubi
379 4061 460 4122 deus
482 4058 601 4125 ridetur
617 4055 701 4122 ,lncie
723 4056 761 4116 ad
776 4053 900 4116 inciem.
922 4051 1008 4114 Unde
1031 4052 1053 4113 i·
1100 4063 1131 4119 et
1145 4055 1314 4118 sentiamus
1329 4054 1492 4131 baptisma,
1507 4055 1601 4131 idest,
1619 4073 1717 4135 aquae
1731 4065 1973 4138 aspersionem,

188 4147 292 4210 bidem
315 4141 470 4208 subditur:
494 4142 533 4204 Et
559 4135 737 4202 nrubmum
759 4136 903 4212 millium
923 4134 1055 4213 empcio-
1101 4144 1133 4202 et
1146 4137 1307 4200 verborum
1324 4136 1538 4220 prolationem.
1555 4137 1619 4202 Non
1636 4141 1718 4202 enim
1735 4142 1875 4208 ridemus
1890 4191 1899 4219 ‚
1916 4150 1975 4210 sed

186 4247 264 4296 rum
273 4227 505 4307 deauratione,
522 4229 550 4286 ct
564 4218 875 4302 spiritueiustorom
899 4222 930 4280 et
952 4218 1054 4295 perse·
1102 4219 1259 4286 credimus
1274 4218 1356 4282 iilam
1372 4235 1479 4298 equae
1495 4223 1706 4300 aspersionem
1725 4271 1733 4297 ‚
1764 4232 1795 4286 et
1810 4228 1975 4292 verboram

188 4315 385 4376 otorurnetc.
553 4349 556 4362 ·
885 4379 892 4393 ι
949 4379 986 4393 ..
1104 4301 1393 4382 prolationemes'se
1419 4302 1722 4384 baptismaGbristi,
1750 4307 1844 4383 idest,
1871 4327 1976 4376 sacra.

232 4395 274 4456 dd
291 4393 433 4472 quintum
448 4388 639 4466 respondeo:
664 4381 791 4448 buobus
811 4382 912 4446 modis
927 4381 989 4446 drer
1003 4381 1056 4443 ali·
1103 4391 1240 4450 ruentum
1254 4385 1424 4464 quoddam.
1498 4422 1503 4438 .

186 4475 263 4556 quid
293 4474 467 4553 spirituale.
490 4471 556 4534 Uno
579 4469 696 4536 nudo.
720 4463 891 4537 seecundum
913 4465 1056 4528 substan·
1430 4509 1431 4514 ,

188 4563 287 4622 tiam.
311 4557 467 4634 quomodo
492 4555 610 4633 pres.
640 4551 672 4614 i.
694 4550 839 4612 dicuntur
864 4547 1056 4628 spiritualia
1134 4588 1136 4595 s
1227 4581 1258 4613 f·-

187 4641 356 4720 ncchtae
367 4640 404 4701 in
416 4636 614 4701 coebstibus.
629 4635 732 4696 litero
746 4634 839 4696 modo
856 4675 864 4702 ‚
881 4631 1054 4724 secundum
1432 4650 1548 4719 cypUT
1569 4655 1647 4719 XVI·

189 4724 414 4790 ordinationem
427 4722 465 4782 ud
480 4719 640 4798 Spiritum,
656 4714 726 4794 quia
756 4714 917 4794 ordinatur
942 4713 1057 4793 aliquid
1452 4765 1454 4770 ,

190 4809 229 4872 ad
243 4807 401 4887 spiritum,
418 4804 464 4867 rel
482 4803 614 4880 spiritus
626 4800 659 4860 in
673 4813 710 4860 ee
726 4796 911 4860 domantur.
928 4794 1059 4869 Querna-
1241 4823 1242 4830 ι
1640 4865 1645 4880 ⁸
1775 4839 1776 4845 ,
1838 4845 1844 4854 ,

190 4891 231 4954 do
244 4893 273 4953 l.
298 4886 437 4954 Coriutb.
451 4886 483 4948 2.
500 4884 612 4950 dicitur
627 4885 719 4944 bomo
731 4879 944 4958 spiritualiset
960 4879 989 4940 l«.
1004 4879 1059 4942 Co·
1177 4859 1354 4926 Sotnnutur
1365 4869 1570 4962 orpuntentu,
1588 4865 1705 4944 (illibi-⁸
1717 4867 1906 4934 adversarer

189 4973 284 5037 rintlr.
310 4971 359 5034 td.
383 4983 497 5048 corpus
509 4965 690 5046 spirituale,
718 4963 788 5040 nuta
804 4961 932 5041 spiritus
947 4975 985 5023 oo
1007 4961 1060 5024 do·
1228 4958 1380 5039 probant,
1402 4959 1581 5026 Ecclesiam
1594 4981 1687 5043 possa
1702 4965 1849 5045 delicere.

191 5055 335 5126 minatur,
351 5060 382 5118 et
397 5054 500 5130 ipsum
514 5051 552 5114 ad
569 5056 683 5112 metum
711 5045 841 5127 spiritus
862 5051 1013 5116 inuretur,
1031 5048 1061 5106 ct

191 5137 297 5202 obedit
311 5137 380 5200 sine
396 5137 457 5198 uile
473 5130 661 5204 resistentia,
679 5135 710 5194 et
722 5131 752 5190 l.
769 5128 849 5190 retr.
861 5127 893 5188 2.
909 5131 1057 5188 uocantur

190 5221 311 5282 bustiae
334 5219 510 5296 spirituales
528 5215 635 5280 ,annia
649 5213 732 5276 bona
747 5225 862 5289 opera,
880 5215 913 5269 ut
926 5208 1060 5283 eleemo-
1148 5205 1214 5270 lam
1227 5209 1309 5287 quod
1325 5208 1463 5272 Ecclesia
1480 5211 1578 5290 possit
1593 5211 1746 5287 delicere‚
1765 5221 1796 5276 et
1808 5217 1977 5294 aliquando

190 5319 265 5382 syna
278 5306 308 5364 et
321 5299 439 5380 jejunia
455 5299 586 5377 ouncad
601 5297 743 5373 spiritum
757 5291 990 5356 ordinentur.il.
1007 5290 1061 5352 Pe·
1109 5288 1257 5362 debriat,
1287 5291 1417 5370 probant
1446 5295 1495 5358 bis
1524 5295 1725 5372 argumentis.
1755 5297 1858 5360 l‘rimo
1876 5346 1884 5372 ‚
1918 5301 1977 5362 ini·

191 5391 255 5448 trus
279 5399 352 5461 ergo
374 5397 444 5444 cum
460 5383 556 5452 dicit,
581 5377 753 5442 Ecclesiam
764 5389 838 5437 esse
853 5373 979 5436 domum
995 5373 1059 5451 spi·
1109 5375 1151 5436 tio
1175 5373 1281 5436 mundi
1311 5375 1343 5436 in
1365 5375 1441 5436 sotis
1463 5375 1578 5438 Artemo
1608 5386 1639 5439 et
1661 5377 1720 5440 Era
1744 5379 1883 5444 Ecclesia
1914 5390 1977 5443 tom

193 5465 362 5534 ritualem,
385 5463 529 5542 inteiligit
550 5465 610 5526 boe
632 5458 773 5522 secundo
794 5457 913 5530 modo:
942 5456 1007 5518 ruit
1027 5471 1060 5516 e·
1106 5455 1322 5529 consistebat,
1346 5457 1453 5520 saltem
1483 5459 1513 5520 in
1531 5458 1652 5522 uirtute.
1675 5459 1710 5522 dt
1727 5469 1857 5541 uterque
1880 5465 1977 5526 tidem

190 5550 271 5622 irim,
296 5547 467 5612 Ecclesium
489 5561 550 5608 non
574 5559 646 5610 esse
667 5543 792 5604 doraum
815 5556 853 5602 ex
867 5537 960 5618 lignis
976 5543 1007 5600 ει
1018 5537 1060 5599 la·
1106 5539 1231 5611 umisit‚
1259 5546 1289 5600 et
1315 5557 1330 5600 a
1353 5538 1417 5602 Duo
1446 5541 1648 5619 apostatavit.
1678 5551 1711 5603 ut
1734 5552 1816 5622 putet
1837 5552 1900 5609 turn
1938 5566 1976 5609 ox

190 5633 339 5713 picibus,
363 5629 419 5692 sed
434 5645 472 5690 cx
496 5627 676 5690 bominibus
692 5625 754 5686 ileo
768 5619 960 5688 consecratis
975 5621 1059 5684 aedi·
1105 5619 1220 5684 (lenes.
1237 5619 1267 5683 3.
1285 5628 1346 5684 tum
1363 5638 1399 5686 ex
1415 5622 1575 5694 Petrinus.
1599 5625 1761 5690 Anrbrosin
1777 5628 1856 5691 libro
1869 5631 1909 5692 dc
1924 5647 1977 5708 pa-

193 5715 323 5780 beatam.
412 5760 414 5772 .
833 5773 834 5776 ,
927 5761 933 5772 ,
1029 5733 1032 5742 ’
1107 5704 1305 5782 rudtsocap.
1329 5704 1362 5768 d.
1390 5707 1563 5783 Augustino
1590 5705 1919 5790 Eneltirid.enp.ld.
1946 5721 1977 5775 ει
