4088 6300
274 341 329 400 666
1039 333 1142 396 tnbbx

200 479 229 540 3.
287 470 789 552 6666661[6616666666111
816 471 1067 536 eoenionibona
1110 473 1140 536 6.
1196 470 1981 552 66666666166166616666618666666666

324 559 395 620 633.
761 581 767 593 ·
1234 556 1325 620 item.
1343 556 1518 619 Ρ66161661
1538 551 1716 635 6166166616
1744 553 1898 622 6666666
1913 576 1982 624 eor·

201 643 231 704 3.
288 640 452 720 66666666
465 639 680 702 incredulitas
695 635 830 699 iliorum
843 635 942 715 fidem
956 636 1014 700 Dei
1035 653 1064 699 e·
1231 645 1426 718 poreuestro
1441 637 1514 708 623.
1806 681 1814 690 -

321 721 495 787 vacuabit?
509 721 581 783 261.
1198 718 1358 796 Delictum
1371 727 1415 784 cst
1428 723 1466 785 in
1478 719 1580 796 uobis,
1596 721 1684 800 61166
1703 720 1837 797 indicio
1857 722 1982 787 bebetis·

198 806 228 871 a.
287 805 370 884 Qttid
382 821 468 884 6666.
483 806 585 882 166616
600 801 796 866 destruimus
807 819 867 880 per
880 803 1001 880 fidem?
1012 802 1067 866 ab·
1235 805 1323 869 inter
1335 819 1390 868 uos
1402 804 1475 866 321.

201 973 232 1036 6.
291 971 325 1034 iit
339 973 377 1034 in
390 971 534 1034 nouitate
547 970 633 1032 uitae
649 965 854 1030 ambulemus
869 966 941 1030 366.
1231 985 1409 1034 remsuam
1428 969 1549 1039 666661
1565 965 1636 1042 186.
1652 967 1724 1030 211.

197 1072 230 1134 6,
289 1047 817 1132 8666666616666661661666316.
1200 1050 1304 1130 66166
1317 1067 1387 1116 non
1399 1053 1575 1126 continent,
1591 1047 1725 1115 auocat
1736 1048 1805 1118 186.
1822 1053 1896 1120 213.

202 1139 234 1199 6.
293 1131 1067 1280 6166861166Ξ662661666161[666666666661666
1111 1133 1142 1196 1.
1196 1132 1980 1279 662613666661666666666161666166616661

324 1219 363 1279 26
390 1217 484 1280 .26.
521 1231 571 1278 ·..
1297 1263 1305 1278 .

199 1301 229 1363 1.
283 1302 383 1364 Melcte
395 1302 499 1363 sernia
513 1300 576 1378 1666
588 1296 657 1372 661,
675 1312 775 1362 earne
790 1300 901 1358 autem
916 1297 980 1376 1666
992 1315 1064 1377 pee-
1111 1297 1140 1360 1.
1195 1299 1500 1374 6161166661666666
1515 1295 1773 1378 6666661211.

321 1383 473 1445 6611262.
1112 1380 1142 1443 1.
1199 1385 1329 1446 Bonum
1343 1383 1576 1454 6616666666,
1588 1395 1658 1443 non
1669 1385 1802 1456 tenpore
1819 1381 1894 1454 236.
1908 1385 1981 1448 212.

199 1466 228 1528 i.
283 1465 319 1528 81
331 1467 503 1545 66666616
515 1463 687 1542 fociofom
696 1477 765 1524 non
777 1461 1063 1540 operoriltuditt.
1110 1462 1140 1525 1.
1196 1464 1240 1527 66
1251 1464 1433 1546 6166161666
1452 1469 1668 1544 praecepium
1686 1460 1818 1536 6666666
1837 1483 1907 1531 666
1920 1469 1977 1530 ba-

198 1550 226 1610 1.
281 1550 389 1612 Sentio
402 1549 504 1610 alium
519 1549 619 1626 lepem
632 1546 670 1607 in
681 1543 831 1608 ntetttbtn‘s
853 1545 944 1621 meis,
966 1561 1062 1624 repu-
1231 1547 1299 1620 beo,
1317 1548 1490 1612 eonsilium
1505 1544 1756 1619 6616666236.

319 1625 874 1712 666616611666666616661666212.
1108 1625 1138 1692 ’1.
1197 1629 1233 1694 Si
1249 1631 1418 1696 dormierit
1431 1631 1483 1694 uir
1497 1628 1578 1707 6616.
1597 1626 1734 1699 liberato
1755 1635 1811 1704 est,
1842 1632 1901 1697 oui
1913 1634 1979 1696 rub

196 1713 226 1776 8.
284 1712 320 1776 Si
331 1717 403 1794 quis
418 1715 569 1792 spiritum
585 1711 701 1774 Christi
714 1727 783 1774 666
799 1708 905 1783 babet,
929 1708 982 1774 bic
994 1727 1063 1774 non
1229 1713 1343 1786 nubet,
1360 1719 1488 1776 tontum
1501 1715 1539 1773 in
1550 1711 1687 1772 Domino
1701 1709 1752 1774 61.

318 1804 363 1858 est
379 1801 448 1874 ejus
463 1795 516 1856 82.
1107 1794 1138 1856 1.
1194 1795 1323 1860 Bonum
1338 1801 1383 1860 esi
1392 1795 1541 1873 innuptis
1556 1799 1586 1862 et
1599 1793 1978 1875 uiduissisie-permom

195 1878 246 1942 16.
283 1877 447 1956 Qscoraodo
461 1875 661 1942 invocabunt
675 1875 712 1937 in
726 1891 823 1955 quem
834 1890 904 1936 non
918 1876 1063 1938 eredide-
1228 1880 1340 1954 serini,
1357 1875 1577 1957 6166666611,
1594 1874 1674 1938 bene
1700 1875 1804 1952 feeit„
1820 1881 1887 1958 661,
1908 1897 1975 1946 non

316 1959 499 2025 66616666.
747 1976 749 1982 ·
1229 1961 1334 2028 nubit.
1358 1961 1473 2034 metius
1493 1956 1741 2037 6661133636.

195 2047 244 2106 11.
284 2046 446 2108 conclusit
456 2043 539 2104 Deus
552 2056 662 2102 omnes
676 2039 714 2102 66
734 2039 930 2118 infidelitate
945 2037 1018 2101 388.
1106 2042 1136 2104 1.
1196 2042 1231 2105 81
1246 2043 1395 2122 nupserit
1408 2045 1510 2120 sirpo.
1525 2057 1595 2109 non
1606 2042 1751 2119 peccauit
1765 2041 1838 2110 216.

195 2127 245 2191 12.
281 2128 341 2204 Qui
353 2133 482 2206 praeest
495 2127 532 2188 in
545 2122 766 2186 solitutudine
781 2121 853 2182 313.
1106 2125 1136 2186 1.
1197 2123 1258 2201 Qui
1270 2126 1381 2190 statuit
1394 2126 1433 2188 in
1447 2123 1612 2188 eordesno
1623 2121 1747 2200 66666.
1763 2140 1835 2190 non
1849 2126 1973 2196 666666

196 2211 245 2272 12.
281 2214 350 2274 666
363 2227 417 2272 666
433 2208 639 2286 defendentes
652 2203 1059 2273 charississimibioiudi·
1226 2209 1470 2282 necessitatene,
1497 2211 1685 2286 potestatem
1712 2213 1823 2276 nutem
1850 2210 1973 2276 babens

315 2299 412 2366 ctam,
427 2299 457 2353 61
472 2307 528 2370 666
544 2286 726 2352 retribuam
738 2285 812 2349 328.
1227 2306 1308 2352 6666
1329 2289 1504 2354 6616616116
1519 2288 1592 2356 216.
1611 2286 1683 2348 218.

194 2376 243 2437 12.
278 2369 680 2450 Nullimalumpromalo
709 2369 903 2438 reddentes,
935 2375 964 2429 et
990 2385 1060 2432 non
1106 2371 1135 2432 1.
1192 2372 1469 2451 Pretioredcmpti
1494 2372 1577 2442 66166,
1600 2371 1700 2434 nolite
1726 2369 1899 2449 ferissimi
1920 2376 1974 2440 bo·

315 2459 521 2536 nosmetipsos
535 2455 740 2518 vindicantes
756 2451 940 2514 charissimi
952 2451 1023 2513 328.
1225 2456 1355 2520 minum
1367 2456 1439 2517 266.
1457 2453 1528 2516 261.
1546 2453 1618 2516 313.
1635 2451 1710 2516 316.

196 2539 244 2602 13.
273 2541 309 2604 Si
324 2540 411 2602 male
425 2537 634 2616 6661666166,
661 2550 731 2597 666
746 2534 918 2596 enimsiae
943 2549 1061 2596 eartssa
1104 2535 1133 2598 1.
1190 2534 1971 2614 Arbitrorltoobonumcssepropterproesentcm

312 2623 463 2702 plodium
477 2625 596 2698 portat,
622 2619 770 2682 minister
798 2618 888 2678 enim
911 2616 1056 2688 661661,
1224 2621 1456 2698 necessitatem.
1472 2625 1501 2682 ct
1515 2618 1737 2683 tribulationes
1766 2627 1877 2690 maten
1900 2642 1970 2690 cor·

312 2708 438 2768 uindeu
460 2703 498 2765 in
511 2703 599 2766 irum
612 2701 642 2763 ei
653 2701 712 2782 qui
725 2699 811 2762 molo
824 2699 891 2778 6661
919 2698 969 2761 38.
985 2699 1056 2760 328.
1225 2704 1278 2766 666
1293 2703 1456 2769 fainanum
1470 2701 1662 2778 unfusmadi
1677 2701 1749 2763 266.

312 2789 384 2850 366.
1103 2785 1133 2846 1.
1177 2783 1460 2863 6666666666616.
1484 2785 1631 2862 6161666,
1651 2785 1772 2862 capitol
1795 2802 1882 2866 6666
1913 2789 1970 2850 Do·

193 2869 239 2933 13.
274 2869 409 2936 Reddite
424 2866 573 2930 omnibus
588 2865 708 2938 debito,
733 2864 787 2928 oui
809 2862 975 2937 tributum,
1003 2863 1056 2925 tri·
1224 2869 1310 2932 mini
1328 2873 1416 2948 sunt,
1440 2867 1600 2947 quomodo
1621 2865 1750 2944 placeat
1766 2869 1849 2945 666,
1879 2880 1917 2934 ui
1930 2875 1970 2936 sit

312 2950 509 3015 6616161316.
1223 2957 1349 3025 666616,
1368 2957 1395 3014 61
1408 2965 1542 3028 corpore
1557 2955 1585 3012 61
1600 2950 1803 3026 6616116236.

190 3037 238 3098 13.
276 3027 1059 3114 66661616616666666666616666·6166616666
1102 3031 1132 3094 3.
1190 3031 1260 3096 666
1273 3033 1476 3114 6116666666
1495 3031 1584 3094 arabis
1597 3030 1760 3108 16666166,
1789 3035 1849 3101 sod
1876 3038 1922 3099 66
1936 3040 1972 3102 id

321 3117 466 3197 dilipatis
482 3113 591 3176 31366
607 3113 679 3175 316.
1225 3118 1315 3195 6666
1329 3116 1500 3179 honestum
1515 3119 1560 3176 est
1576 3160 1585 3188 ,
1618 3121 1647 3175 et
1669 3115 1758 3193 quod
1776 3117 1968 3194 fucultatem

192 3200 241 3265 16.
272 3199 504 3264 Onrnisanimo
514 3194 723 3276 potestatibus
735 3191 1056 3256 sublimioribnssub·
1220 3198 1386 3276 praebeat,
1400 3200 1470 3260 sine
1485 3197 1717 3275 impedimento
1727 3197 1903 3264 Dominum
1917 3205 1968 3265 ob·

310 3286 384 3347 dita
393 3285 446 3350 sit,
459 3296 528 3342 non
543 3280 631 3343 onim
647 3283 691 3340 est
704 3282 844 3356 potestas
859 3277 925 3338 nisi
940 3293 962 3337 6
978 3276 1052 3350 666,
1221 3282 1374 3344 seerondi
1388 3279 1460 3344 269.
1477 3279 1553 3340 216.

310 3381 395 3444 6666
411 3369 521 3425 autem
534 3367 611 3422 sunt
633 3360 744 3428 6666,
769 3359 928 3420 ordinato
949 3366 1054 3434 sunt,·
1101 3359 1131 3424 l.
1187 3361 1245 3426 Cui
1258 3364 1326 3426 uult
1339 3363 1443 3427 nubat
1467 3367 1594 3425 tantum
1609 3361 1646 3424 in
1662 3361 1817 3433 Domino,
1846 3363 1970 3430 beatior

311 3449 422 3528 itaque
437 3444 496 3525 qui
508 3444 659 3522 potestati
678 3443 796 3504 resistit
811 3487 818 3512 ,
848 3439 906 3502 Dei
921 3441 1055 3502 ordino·
1222 3451 1330 3508 autem
1344 3446 1405 3510 erit
1417 3447 1446 3508 si
1459 3445 1735 3526 slepermnnserit
1749 3445 1822 3508 236.
1846 3449 1921 3512 261.

310 3525 694 3604 1666166666661666666
714 3523 903 3588 necessitate
927 3521 1051 3586 subditi
1101 3525 1130 3587 1.
1192 3527 1263 3590 Volo
1286 3526 1682 3594 autemomnesbominos
1712 3543 1778 3590 esse
1802 3530 1888 3595 sicul
1917 3550 1967 3596 me

311 3619 418 3683 estate,
431 3625 499 3673 non
514 3614 620 3670 sotum
632 3615 764 3686 propter
777 3607 874 3680 iram,
886 3607 1054 3669 sedetiam
1219 3611 1400 3688 ipsumsed
1414 3611 1640 3691 unuquisque
1653 3611 1826 3688 proprium
1840 3617 1966 3678 doniam

306 3701 438 3774 proptor
449 3690 764 3755 6666666611666316.
868 3769 875 3783 ⁹
933 3769 939 3783 ·
1221 3691 1623 3768 66661666666666616,
1640 3691 1965 3762 611666666666236.

189 3778 239 3841 16.
276 3777 502 3859 1666666661
513 3775 601 3836 diem
613 3776 699 3835 inter
714 3773 812 3850 diem,
828 3771 912 3832 61666
920 3769 1053 3851 6661661
1221 3775 1293 3838 216.

310 3875 440 3924 omnnem
456 3859 543 3920 diem
555 3856 625 3917 662.
644 3855 716 3918 666.
1097 3855 1127 3921 l.
1185 3857 1287 3922 661616
1298 3858 1460 3935 fmrtdore
1474 3856 1626 3928 inuicem,
1641 3857 1710 3919 nisi
1724 3857 1806 3935 forte
1833 3877 1877 3926 ex
1892 3879 1965 3924 can.

187 3942 237 4004 Η·
273 3942 365 4018 0606
377 3958 446 4006 aon
460 3945 506 4002 686
521 3955 563 4002 ⁰³⁰
577 3938 652 4016 666·
667 3943 841 4016 peccatum
855 3940 900 3996 est
914 3932 986 3997 261.
1216 3957 1314 4002 sensu
1329 3943 1373 4004 ad
1388 3949 1523 4020 tempus,
1540 3943 1576 4002 ut
1586 3941 1704 4002 nocetis
1719 3945 1965 4023 6661661616-

188 4025 238 4088 16.
273 4027 426 4088 salutant
438 4039 493 4084 uos
508 4037 618 4086 omnes
629 4019 791 4084 Ecclesiae
805 4019 897 4085 isiae
911 4015 959 4078 13.
978 4016 1027 4077 16.
1212 4025 1311 4100 iunio
1329 4069 1337 4094 ,
1361 4026 1522 4085 etiterum
1535 4023 1736 4086 revertimini
1753 4026 1792 4086 in
1804 4027 1963 4106 16666666,

188 4109 237 4172 16.
278 4109 409 4172 Obsoero
423 4121 477 4168 uos
488 4112 525 4166 ut
540 4102 708 4166 obseruatis
724 4118 787 4171 eos,
804 4102 863 4180 qui
878 4099 1049 4162 dissensio·
1217 4123 1260 4168 ae
1275 4111 1369 4170 tentet
1383 4121 1438 4168 aos
1454 4101 1595 4168 Satanas
1612 4113 1745 4184 propter
1758 4107 1963 4173 incontinen-

308 4207 377 4260 666.
409 4196 438 4250 ct
463 4185 661 4266 6166161166
682 4189 814 4264 pratili
843 4181 1047 4255 doctrinam,
1216 4189 1298 4250 tiam
1311 4189 1461 4256 oestront,
1478 4188 1537 4248 boe
1551 4193 1661 4251 autom
1686 4189 1759 4252 dico
1779 4195 1963 4259 seeundum

308 4289 408 4354 quam
422 4286 477 4332 uos
489 4269 659 4335 didicistis.
675 4267 812 4344 fuciunt,
837 4271 866 4325 61
888 4264 1049 4327 deelinotc
1216 4269 1538 4356 1666166611616233.

308 4357 349 4420 66
362 4356 419 4424 ers,
435 4368 515 4416 nom
529 4368 588 4430 per
599 4352 708 4413 dulces
723 4364 885 4412 sermones
915 4353 944 4408 ot
956 4347 1048 4408 bene·
1096 4351 1125 4413 l.
1180 4349 1216 4414 Si
1237 4355 1325 4432 quad
1339 4355 1415 4416 uolo
1428 4351 1526 4431 fooio,
1536 4352 1613 4435 fam
1628 4369 1697 4417 non
1717 4369 1774 4434 epo
1794 4371 1915 4436 operor
1927 4360 1961 4420 il·

306 4435 635 4511 dictionesseducum
645 4432 746 4496 eorda
758 4429 1047 4498 161166661616338.
1217 4435 1275 4500 tua
1289 4435 1362 4500 271,

1093 4513 1125 4578 8.
1183 4515 1395 4596 Scimnsqnio
1408 4515 1493 4582 nibil
1505 4521 1549 4582 661
1561 4516 1688 4581 idolum
1701 4519 1738 4580 in
1750 4523 1875 4594 mnrsdo
1886 4523 1959 4584 616.

449 4610 473 4672 Ι.
491 4607 537 4669 36
555 4603 782 4675 conterritos
1093 4597 1124 4660 3.
1183 4599 1337 4680 b'unquid
1350 4617 1419 4664 non
1433 4600 1589 4663 babemus
1602 4607 1793 4680 potestatem
1817 4621 1964 4668 sororem

1144 4757 1148 4767 Ι
1214 4684 1384 4746 acutiorem
1396 4683 1675 4760 circumducendi,
1691 4688 1775 4746 siout
1790 4689 1964 4750 66616661·

183 4779 213 4840 1.
230 4773 456 4855 Sipnifieatum
470 4778 515 4836 est
529 4771 621 4847 mibi,
634 4769 723 4850 quod
736 4766 958 4830 contentiones
968 4767 1045 4827 6661
1212 4766 1341 4910 61136666,
1355 4771 1384 4830 61
1395 4765 1512 4844 fratres
1527 4765 1667 4840 Domini,
1679 4771 1709 4828 61
1725 4766 1873 4847 Coepbas
1891 4771 1962 4834 186.

304 4853 519 4919 mmm&
1281 4893 1288 4908 .

182 4943 213 5004 3.
265 4942 337 5020 Ipse
354 4931 1044 5012 outemsotouserit‚siclumenquosiper
1089 4929 1121 4992 3.
1181 4930 1268 5009 6666
1281 4935 1325 4992 661
1338 4947 1429 4994 mens
1444 4946 1528 5004 mea,
1542 4937 1577 4993 ut
1592 4929 1809 5009 6666666616
1820 4938 1959 5013 proedi-

180 5107 197 5168 3
266 5026 411 5168 Ν166ἔ666
425 5021 496 5118 363.
511 5019 582 5164 166
599 5017 670 5162 ῗ6ῃέ
688 5015 759 5160 m.
774 5097 829 5160 De·
866 5095 1043 5172 emmim
1211 5015 1391 5156 {ggs'sim
1410 5021 1543 5094 sumptu
1569 5030 1695 5094 ponam
1722 5014 1962 5095 6666666661.9

202 5153 209 5168 .
294 5123 398 5169 esoces
435 5119 582 5166 uraescs
616 5117 687 5174 ep
819 5117 843 5170 1,
1276 5141 1283 5156 .

302 5189 359 5251 661
373 5123 496 5250 habitat
510 5186 546 5246 in
559 5182 647 5244 uobis
661 5176 733 5243 613.
1087 5177 1118 5238 6.
1177 5178 1346 5242 molimen
1374 5177 1457 5242 otild
1484 5178 1592 5252 16661,
1620 5195 1720 5258 quam
1751 5185 1790 5244 ut
1812 5181 1957 5260 pieriam

179 5269 208 5331 6.
264 5269 328 5333 Cur
341 5286 410 5336 non
423 5269 527 5344 mnpt‘s
539 5266 661 5328 luctum
676 5261 845 5334 imbuistis,
861 5265 897 5321 61
913 5259 1043 5321 tolletur
1211 5277 1318 5322 ineam
1329 5263 1402 5340 quis
1418 5269 1559 5334 evaeuel,
1573 5278 1653 5323 nom
1668 5264 1727 5326 etsi
1750 5267 1960 5343 6666661166-

300 5355 460 5416 domnedio
475 5351 573 5412 uestri
584 5348 641 5424 661
655 5348 712 5408 666
728 5359 808 5422 opus
822 5345 916 5422 fecii?
933 5341 1037 5402 13811.
1208 5358 1294 5412 uero.
1307 5359 1376 5406 666
1390 5351 1436 5406 661
1447 5344 1527 5406 mitti
1540 5343 1659 5422 pluria.
1677 5347 1755 5409 ibid.

178 5435 209 5497 6.
264 5433 567 5506 Auditurintoruos
580 5428 753 5510 fornicatio
779 5431 837 5488 ete.
853 5426 985 5489 tollatur
999 5427 1040 5485 de
1085 5424 1116 5488 9.
1176 5425 1743 5506 616666611166661661616166661.
1760 5427 1958 5510 Neoffcndi-

299 5517 407 5579 medio
421 5517 519 5578 uestri
537 5516 606 5577 111.
1211 5509 1322 5570 661661
1338 5525 1474 5588 ponarn.
1493 5509 1568 5572 ibid.
1806 5567 1810 5574 .

179 5600 206 5658 ·““.
269 5595 351 5672 6666
366 5599 454 5660 enim
467 5598 552 5660 61161
567 5599 605 5660 66
619 5596 673 5668 iis,
694 5591 840 5674 atriferis
851 5594 938 5666 sunt,
949 5589 1041 5671 fudi·
1088 5589 1118 5650 3.
1179 5589 1434 5734 dostip’oPeorpns
1449 5609 1555 5654 616661
1572 5597 1600 5654 61
1613 5592 1650 5656 66
1672 5593 1858 5661 seruitutem
1871 5599 1960 5660 redi·

302 5680 460 5742 6666318.
1210 5691 1250 5750 66
1267 5674 1303 5734 :i
1329 5718 1338 5736 .

1111 719 1141 782 6.

321 891 372 958 sit,
388 889 446 949 sed
461 888 563 966 lepcm
575 885 750 948 statuimus
766 883 838 946 322.
1114 883 1141 948 t.
1197 885 1333 966 Propter
1345 887 1617 964 fornicationem,
1648 886 1875 968 uumquispuc
1898 905 1982 952 uno·

1112 1051 1142 1114 l.
