4110 6310
287 343 342 410 lou
875 343 918 400 DE
936 342 1130 408 ltllcldllitts
1149 347 1348 408 salomonum
1397 347 1400 354 ⁴

213 498 276 560 mo,
293 500 355 549 uon
367 488 415 550 est
426 483 553 563 ubique,
569 497 629 546 nee
642 478 739 546 sancti
751 479 823 542 sunl
835 475 962 558 ubique.
977 473 1072 540 ueni·
1113 479 1448 563 constantinopolitano
1464 487 1616 552 eremitae
1631 483 1766 555 luerunt,
1782 486 1850 550 oria
1867 486 1923 546 est
1937 496 1987 562 pe

214 569 467 643 uueialsumest,
499 565 646 646 imagines
668 560 841 642 principum
863 576 925 626 non
949 559 1070 626 adorari
1113 565 1249 630 stiieutia
1270 570 1330 628 tam
1352 566 1462 646 graiis,
1479 573 1512 630 ul
1541 565 1805 646 cnnsnntinapnli
1836 571 1982 632 mecenio

212 659 375 728 praesente
391 649 543 730 prinoipe3
557 649 649 710 immo
671 640 1071 710 sieuteomnnieiiainlace·
1113 647 1273 714 bominum
1283 647 1382 715 millia
1398 649 1570 715 interirent.
1585 649 1663 714 Vide
1690 650 1878 714 chronicum
1913 647 1984 712 ilal-

212 750 245 794 re
261 733 385 814 imagini
400 731 521 812 granius
535 737 694 811 pennatum
709 735 758 791 est
781 731 942 820 praesente
958 724 1070 816 princi·
1100 731 1194 794 lbaei
1210 729 1362 802 Poimerii,
1378 747 1458 796 anno
1475 731 1544 799 iil.
1562 733 1637 800 ilem
1649 732 1757 796 eadem
1768 733 1945 796 occasione
1956 749 1986 792 a·

215 833 267 894 pe,
290 833 381 895 quam
395 815 537 889 absente,
554 815 591 874 iia
615 813 706 876 eliam
731 815 879 886 bonorare
903 822 1069 888 imaginem
1114 812 1197 878 misit
1210 811 1292 880 idem
1309 814 1368 878 Leo
1383 820 1414 876 el
1438 831 1640 880 successores
1654 814 1723 897 ejus
1737 814 1909 896 imperium
1926 814 1984 880 lta·

210 903 374 977 praesente
389 899 541 977 principe,
559 913 608 958 res
621 902 669 958 est
684 893 727 955 ilii
740 891 923 972 gratissima.
1114 894 1183 960 liae.
1201 911 1408 976 necunquam
1433 899 1565 979 implius
1589 914 1774 978 recuperare
1795 904 1985 979 potuerunt.
2034 943 2035 954 ,

251 981 471 1060 Argumentum
486 981 683 1058 septimonia
707 973 870 1038 contrario:
893 973 997 1052 imago
1022 977 1070 1036 est
1112 976 1187 1039 Vide
1209 977 1357 1042 zonarum
1373 986 1403 1042 el
1428 980 1552 1045 Paulum
1580 983 1742 1048 diaconum
1757 981 1790 1043 iri
1820 982 1884 1046 iiia
1902 979 1984 1058 ejus-

211 1080 306 1142 eupax
321 1063 451 1144 injuriae
466 1067 496 1124 ot
519 1057 811 1138 contumeliae,ergo
837 1061 868 1121 et
885 1055 1010 1122 honoris
1026 1060 1068 1117 al·
1112 1059 1195 1122 dem.
1214 1059 1257 1124 co
1273 1066 1475 1139 temporanei
1502 1063 1628 1132 arabum
1644 1062 1766 1136 iiiios,
1796 1063 1852 1142 nui
1875 1063 1983 1140 imagi-

210 1162 272 1225 ipue
285 1147 399 1208 uultus.
412 1144 566 1208 Eusebius
581 1144 635 1206 lib.
651 1143 683 1205 it.
707 1143 779 1204 bisi.
796 1155 864 1218 cop.
875 1137 932 1232 lt).
960 1137 1069 1200 scribil
1114 1159 1169 1204 nes
1185 1140 1424 1209 christianorum
1440 1145 1591 1225 coniringi
1614 1147 1763 1226 jusserat,
1780 1162 1846 1210 non
1873 1161 1984 1222 super·
2034 1137 2035 1224 i

147 1233 149 1240 '
208 1220 1066 1312 indedecusliaximini,imagines.ejusimsserelde·
1111 1225 1521 1302 rinitunumonnum,cum
1539 1228 1707 1298 timendi).
1733 1228 1805 1296 unul
1832 1229 1982 1306 promissi
2034 1231 2035 1238 ³

205 1311 319 1390 jectis,
335 1311 383 1374 rel
398 1311 471 1374 atris
486 1310 642 1373 eoluiibus
657 1308 802 1370 laudatas.
818 1301 903 1366 idem
925 1302 964 1364 de
993 1317 1066 1368 ima·
1112 1307 1154 1368 iiii
1167 1305 1298 1371 inissent
1312 1309 1351 1370 ab
1366 1325 1416 1382 eo,
1432 1311 1484 1392 qui
1500 1313 1586 1376 ilium
1597 1312 1638 1380 ad
1656 1310 1920 1378 'Icouomacbium
1936 1313 1983 1374 iri-

207 1393 333 1474 ginibus
349 1393 632 1460 Domitianiscribii
647 1389 821 1453 Suetonius.
964 1465 970 1478 .
1029 1465 1035 1478 ·
1111 1389 1224 1456 citauit.

248 1475 442 1548 ubendosins
457 1491 581 1555 quoque
595 1473 607 1554 (
620 1467 884 1564 optimus-alioqui
900 1472 931 1530 ei
941 1471 1067 1560 pientis-
1151 1472 1302 1552 Tempore
1317 1473 1509 1542 constantini
1525 1475 1710 1557 copronymi
1724 1475 1883 1542 inauditae
1900 1477 1980 1538 caia·

207 1557 306 1620 simus
322 1559 490 1639 princeps)
505 1575 575 1620 curii
589 1555 767 1618 Aniinobeni
783 1555 947 1630 imaginem
963 1565 1067 1644 uxoris
1111 1553 1231 1619 mitulos
1247 1557 1397 1624 orientem
1413 1560 1601 1634 inreserum3
1619 1575 1688 1624 nam
1707 1565 1919 1624 terraemotus
1935 1560 1978 1622 in·

207 1640 278 1718 eius
291 1641 492 1721 deiecissent,
506 1641 546 1702 iia
557 1639 653 1703 iratus
668 1644 727 1712 esl,
743 1641 776 1697 ut
790 1649 898 1716 parum
924 1630 1066 1706 abineiii,
1110 1645 1219 1716 gentes
1234 1640 1369 1718 integras
1386 1642 1479 1706 urbes
1493 1641 1686 1722 deiecerunt,
1702 1647 1734 1704 et
1754 1641 1847 1707 muita
1875 1643 1977 1706 miliia

207 1725 282 1804 quin
298 1732 390 1788 totoni
412 1719 782 1787 Anlioebiamererterit.
808 1713 981 1780 Exstautde
1011 1715 1067 1776 bac
1110 1721 1269 1786 tintinnum
1285 1723 1476 1788 oeciderunt.
1494 1724 1570 1792 ilem
1589 1725 1687 1802 pestis
1711 1724 1894 1803 pronissime
1918 1733 1982 1786 orta

204 1823 239 1870 re
255 1809 335 1870 duae
350 1807 504 1870 orationes
520 1800 739 1885 chrysostomi,
766 1799 856 1872 idest,
884 1795 1020 1860 secunda
1036 1802 1067 1862 et
1110 1810 1169 1872 est,
1186 1803 1224 1865 ila
1242 1813 1274 1868 ut
1286 1805 1404 1876 lineae.
1422 1807 1513 1874 burli.
1531 1808 1628 1883 pulei,
1648 1805 1846 1886 alianualoea
1859 1807 1910 1869 viri
1925 1807 1985 1869 sui

207 1890 294 1953 tertia
309 1890 348 1954 a'd
366 1888 514 1969 populum
529 1887 766 1952 Antiochenam.
788 1881 901 1976 quibus
926 1879 1066 1972 deplorat
1109 1885 1238 1948 linerent
1253 1887 1445 1966 sepeliendis
1461 1889 1652 1956 bominibus.
1668 1889 1705 1952 ill
1723 1905 1764 1952 no
1785 1888 1981 1954 dubitaretur

205 1974 310 2036 scelus
325 1972 401 2036 iilud
416 1971 447 2034 iii
463 1970 670 2034 Theodosium
695 1979 905 2058 commissum..
930 1959 1006 2026 vide
1019 1967 1065 2056 el·
1107 1969 1197 2048 quam
1214 1970 1254 2031 oii
1269 1987 1411 2034 caussam
1424 1971 1488 2034 ista
1502 1971 1787 2039 acciderentsimul
1803 1972 1928 2049 ubique
1951 1973 1980 2034 in

204 2054 265 2120 iarn
280 2055 506 2120 ciieoduretum
517 2053 576 2116 lib.
593 2052 624 2116 5.
640 2066 709 2130 cap.
727 2048 777 2110 ill.
793 2048 951 2111 liistoriae.
971 2043 1063 2138 beni·
1108 2052 1245 2116 restibus
1262 2053 1436 2126 bominum,
1452 2054 1485 2116 in
1500 2056 1577 2119 ielis
1591 2053 1701 2127 saeris,
1724 2055 1919 2116 indumentis
1934 2071 1980 2116 Μ.

202 2136 570 2216 nueluliannsapostno
586 2131 697 2200 ciiristi
712 2138 842 2196 statuum
858 2127 1063 2222 nondeieots·
1107 2133 1315 2202 cerdoiiilibus
1340 2137 1486 2202 diuinitus
1513 2137 1685 2202 existebant
1712 2153 1821 2202 eruces
1851 2151 1977 2215 parrae,

203 2228 261 2296 set,
279 2219 338 2282 nisi
354 2236 391 2284 eo
407 2220 499 2285 modo
515 2218 636 2282 cbristo
662 2213 805 2296 iniurium
820 2211 886 2304 fleri
915 2209 1065 2272 credidis·
1106 2217 1195 2296 quasi
1208 2218 1279 2282 oleo
1294 2219 1569 2301 desigiietoorileus
1584 2218 1668 2284 enim
1682 2219 1818 2286 intimis
1834 2219 1970 2292 uolebat,

203 2304 381 2382 solitoque
396 2304 477 2366 Deus
495 2300 609 2368 iuliani
638 2306 767 2363 statuam
790 2295 922 2390 iuiminc
938 2306 1063 2385 percus·
1107 2300 1186 2362 uelle
1201 2317 1235 2362 se
1251 2301 1367 2378 noiiiue
1381 2304 1521 2381 conspici
1549 2301 1650 2368 crucis
1676 2301 1854 2380 imaginem,
1880 2319 1973 2381 quarn

203 2385 386 2459 sissel„nisi
401 2385 438 2448 ab
455 2401 492 2448 eo
521 2383 662 2463 injuriam
691 2384 876 2473 accepisset,
903 2381 934 2438 el
948 2390 1008 2436 nisi
1023 2375 1062 2436 ed
1107 2379 1325 2448 Constitutione
1340 2385 1551 2466 copronymus
1565 2402 1603 2449 en
1631 2393 1770 2462 tempore
1793 2384 1926 2446 omnino
1942 2401 1980 2446 ο.

202 2465 315 2535 iuliani
330 2468 546 2534 contumeliam
561 2467 592 2530 id
603 2463 868 2554 pertiueieuisum
884 2463 979 2521 esset.
1023 2539 1028 2551 Ι
1105 2463 1250 2528 britannie
1265 2469 1481 2534 contendebat.
1497 2469 1541 2534 gd
1553 2468 1635 2534 hm,
1654 2473 1714 2530 pm
1744 2467 1894 2528 horribile
1929 2468 1979 2528 iri·

243 2551 467 2632 Al'gumenlllffl
494 2557 645 2622 0111111111,
674 2545 757 2608 1110111
786 2548 925 2624 centlum
954 2545 1063 2603 1111111111
1106 2563 1164 2626 gus
1178 2551 1321 2620 occessit,
1337 2558 1370 2614 ut
1384 2569 1468 2616 mare
1484 2553 1640 2616 Ponticum
1655 2550 1693 2618 cd
1706 2557 1832 2612 eentum
1860 2549 1972 2612 millia-

202 2648 381 2698 exeeramur
396 2642 426 2696 el
437 2631 672 2712 coniringimus.
689 2634 719 2690 et
735 2626 807 2688 bine
822 2619 960 2718 laudatur
977 2621 1062 2684 ualde
1106 2631 1148 2694 ria
1165 2631 1539 2715 congetaieiuressetqno
1554 2632 1672 2712 glacies
1686 2630 1905 2710 prolundilalis
1920 2632 1973 2695 3⁰.

202 2715 409 2783 Theodosius.
425 2715 520 2796 quod,
552 2721 630 2776 leste
655 2709 848 2774 'ibeodoielo
863 2707 918 2800 ltb3
945 2703 976 2767 5·
993 2721 1062 2786 cip·
1106 2713 1278 2779 cubilorum
1296 2717 1344 2780 ciii
1359 2715 1541 2792 ,supervenit
1566 2716 1622 2781 nix
1636 2731 1717 2793 cuae
1740 2713 1836 2780 'eiiam
1853 2714 1885 2776 in
1913 2715 1978 2794 gia-

201 2798 254 2862 20.
272 2797 562 2878 bisloriae,jusserit
576 2795 655 2859 idolii
672 2794 787 2871 ubique
797 2789 931 2884 destrui.
947 2785 982 2884 At
995 2802 1062 2850 uer·
1106 2795 1186 2858 ciem
1202 2812 1287 2857 uerso
1303 2801 1403 2860 estad
1419 2797 1613 2866 altitudinem
1629 2796 1862 2862 Alteobiinroin
1884 2813 1980 2875 super
2034 2803 2035 2878 i

202 2885 232 2942 111
247 2880 279 2943 id
295 2879 416 2954 11011111,
434 2874 886 2957 11181111101111811111111101113.
903 2885 974 2965 (111111
987 2877 1063 2965 ,311111
1105 2877 1195 2946 aliani
1210 2879 1340 2954 glaciem
1355 2880 1407 2946 ait.
1433 2881 1618 2948 cubilorum.
1652 2879 1747 2946 Paulo
1775 2883 1849 2959 post
1874 2881 1979 2959 coepit

201 2962 352 3043 imagines
366 2963 511 3026 laisorum
526 2954 672 3038 beorum,
688 2958 778 3038 igitur
793 2959 974 3019 econtrario
986 2967 1061 3016 ima·
1105 2960 1181 3024 solii
1196 2962 1324 3039 glacies,
1341 2971 1372 3026 et
1387 2963 1554 3042 tiagoienta
1569 2963 1708 3042 ingentia
1730 2962 1829 3036 instar
1850 2979 1980 3040 magno·

202 3046 293 3124 gines
309 3044 421 3109 cbristi
437 3053 467 3108 ei
482 3051 666 3116 sauctorum,
684 3041 817 3121 quiores
833 3051 903 3101 rere
918 3037 1062 3100 bonesci
1105 3059 1172 3106 rum
1189 3046 1350 3120 mnndum,
1368 3047 1412 3108 iel
1442 3046 1626 3122 insularum,
1655 3061 1767 3122 magno
1796 3046 1915 3124 impar„
1935 3047 1979 3106 gr.

202 3134 325 3192 sanetas
339 3127 527 3208 significant,
545 3124 742 3190 honorabiles
756 3126 841 3215 sunl.
1105 3127 1295 3197 sourrebanl,
1323 3129 1475 3207 nocedim
1504 3128 1649 3192 etiamid
1673 3127 1980 3204 constantinopolim

241 3210 463 3291 Argumentum
478 3226 605 3280 aunum,
622 3209 660 3272 ab
679 3205 874 3285 improbitate
900 3199 1060 3266 honuma·
1104 3209 1190 3271 allisa
1207 3217 1322 3281 partein
1338 3213 1507 3277 moenium.
1523 3218 1555 3274 et
1568 3209 1687 3278 ricinos
1711 3210 1822 3276 domos
1855 3217 1978 3274 everte-

201 3293 342 3368 oborum,
359 3300 390 3356 et
404 3293 515 3370 pietate
529 3307 648 3366 eorum,
665 3291 716 3369 qui
732 3287 883 3366 imagines
911 3285 1016 3348 colunt
1029 3288 1061 3350 cl
1104 3297 1185 3352 runt.
1202 3291 1343 3356 Testatur
1356 3301 1458 3358 aulem
1483 3293 1595 3358 Paulus
1619 3293 1770 3362 diaconus
1792 3308 1828 3354 se
1858 3293 1977 3356 uidisse

200 3374 373 3440 coluerunt.
387 3375 460 3440 llam
475 3373 683 3446 iconomachi,
700 3369 934 3436 utosleudimus
944 3366 976 3428 2.
988 3383 1058 3444 cop.
1103 3371 1181 3434 bueo
1205 3375 1317 3440 niuniu.
1347 3377 1463 3440 codem
1492 3393 1574 3444 auno
1599 3381 1680 3440 touta
1708 3374 1833 3442 siccitas
1866 3383 1978 3454 postea

200 3458 430 3538 disputationis,
445 3459 569 3524 inerunt
583 3473 693 3520 omnes
714 3459 767 3518 aut
792 3449 912 3524 Judeoi,
937 3455 996 3546 ‚³9²
1008 3448 1060 3511 Su·
1104 3454 1171 3527 init,
1184 3465 1217 3518 ui
1234 3455 1375 3532 cumina,
1391 3459 1503 3528 inuios.
1520 3460 1604 3536 putei
1618 3459 1806 3524 iaroomues
1817 3454 1977 3522 siccaren-

200 3541 352 3616 in‘oritani,
368 3546 420 3604 aul
434 3539 651 3611 liabumetaui,
677 3543 730 3604 aut
752 3536 986 3608 lleoroiuantiei,
1010 3538 1062 3600 aut
1106 3542 1167 3614 tur3
1183 3539 1221 3602 ila
1235 3545 1266 3602 ul
1277 3557 1385 3604 ornnes
1400 3541 1619 3622 intelligerent⁴
1637 3548 1669 3608 et
1682 3540 1833 3611 dicerent,
1847 3549 1980 3618 propter

193 3625 363 3688 manifeste
378 3624 537 3698 haeretiei,
553 3637 632 3703 nuos
646 3621 758 3700 impios
778 3633 850 3682 osse
879 3633 993 3698 negare
1008 3633 1062 3680 ne·
1107 3619 1293 3700 impietatem
1308 3623 1339 3686 in
1355 3625 1452 3692 ileum
1465 3631 1497 3688 el
1509 3631 1649 3699 saucios,
1666 3637 1759 3706 qinom
1772 3629 1980 3688 exercuerant

203 3722 253 3768 iun
268 3712 382 3784 potest.
407 3707 511 3786 Atqui
527 3706 678 3784 imagines
707 3699 923 3772 deienderunt,
941 3699 1064 3764 iueruut
1108 3703 1321 3780 iconomachi,
1339 3705 1394 3768 ista
1406 3706 1509 3769 omnia
1525 3706 1604 3772 lieri.

169 3783 171 3788 ’
200 3793 298 3852 sancti
313 3789 368 3852 riri
384 3797 414 3852 ei
428 3790 522 3861 docti,
539 3799 572 3852 ut
586 3787 751 3867 Gregorius
766 3789 797 3850 el
812 3783 963 3848 Adrianus
978 3800 1062 3848 sum·
1151 3786 1294 3865 lienique.
1307 3787 1480 3856 obstinatus
1496 3789 1663 3868 imperator
1688 3786 1913 3854 constantinus
1938 3789 1978 3852 iia

203 3872 242 3934 ini
258 3871 432 3951 pontifices,
450 3871 618 3936 cermanus
632 3877 663 3934 et
677 3867 820 3934 corasius
835 3866 975 3946 episcopi
989 3882 1063 3930 con·
1111 3867 1212 3945 periit,
1229 3877 1263 3934 ut
1278 3871 1309 3932 iu
1327 3877 1422 3936 morte
1437 3871 1595 3946 elimaret,
1610 3871 1666 3938 sod
1678 3871 1782 3937 odbuo
1793 3868 1896 3934 virum
1911 3871 1977 3948 igni

200 3954 474 4033 stanlinopolitaui,
489 3952 625 4020 Ioannes
641 3955 855 4026 damascenae,
876 3949 1061 4026 idetbodius,
1107 3950 1309 4030 inexliguibili
1325 3955 1467 4022 traditum
1484 3949 1742 4022 comburendum.
1756 3951 1859 4016 uestis
1881 3952 1978 4016 Zona·

201 4036 358 4111 Leontius,
373 4036 468 4101 Jonas
493 4036 729 4108 aurelianensis,
758 4033 871 4098 Paulus
899 4032 1062 4102 diaconus.
1108 4050 1158 4096 ras
1173 4042 1205 4096 et
1217 4034 1326 4100 Paulos
1340 4037 1488 4104 diaeonus
1502 4036 1535 4102 in
1548 4037 1621 4118 eius
1635 4039 1705 4104 rito.
1719 4033 1743 4098 u
1756 4037 1916 4100 contrario
1932 4037 1978 4100 pj,

200 4125 230 4182 et
244 4119 295 4182 aiii
311 4123 353 4199 pii
368 4121 514 4198 doctique
526 4120 580 4182 riri
595 4119 733 4184 omnium
748 4131 919 4184 consensu.
934 4115 999 4178 ilon
1014 4120 1062 4178 est
1109 4119 1202 4195 pinus
1218 4124 1248 4178 ei
1263 4117 1390 4188 Carolus
1403 4119 1486 4184 iliius
1500 4120 1582 4198 ojus.
1595 4121 1650 4198 nui
1665 4133 1736 4186 oiim
1751 4133 1881 4182 romano
1901 4135 1977 4196 pon·

196 4209 299 4268 autem
325 4201 487 4275 credibile,
514 4203 613 4266 Deum
628 4218 683 4281 per
708 4201 817 4264 bosles
843 4215 917 4262 suos
946 4196 1060 4276 potius,
1107 4199 1189 4270 illice
1203 4200 1353 4278 imagines
1367 4201 1585 4273 defendebam,
1599 4204 1640 4268 ad
1656 4217 1784 4280 regnum
1798 4207 1831 4264 oi
1844 4201 1975 4278 imperi·

195 4301 288 4360 ‹iuam
301 4301 357 4364 per
371 4285 488 4351 ominus
503 4293 535 4352 et
548 4293 672 4353 sanctos
688 4281 858 4348 Ecclesiam
874 4281 986 4344 docere
1012 4297 1062 4344 io·
1107 4298 1158 4348 um
1173 4282 1309 4360 proiecti
1323 4283 1502 4352 ieiinissinia
1529 4285 1679 4357 uirorum,
1694 4289 1728 4348 et
1746 4289 1974 4362 rogacionum,

201 4367 310 4430 luisse.
1106 4365 1608 4446 utexiisdemauuloribospnlei.

240 4449 331 4527 Quid,
347 4452 430 4529 quod
446 4451 514 4529 ipse
529 4450 620 4514 etiam
645 4448 788 4510 diabolus
802 4447 868 4511 odit
892 4445 1062 4526 imagines?
1489 4491 1492 4496 ,

198 4531 270 4594 Nom
286 4539 320 4598 ut
333 4532 367 4594 in
382 4533 469 4596 Praio
498 4531 647 4612 spirituali
677 4549 745 4611 cap.
761 4529 812 4592 ld.
828 4530 972 4610 legimus:
989 4528 1061 4592 Ero·
1278 4581 1283 4588 .
1499 4573 1502 4583 ‚

197 4615 289 4679 milae
304 4614 426 4684 puidam
443 4615 656 4696 conquerenti,
673 4614 757 4694 quod
777 4611 904 4692 spiritus
931 4611 1062 4674 lomina-
1423 4639 1543 4703 CAPUT
1565 4639 1650 4704 xm·

197 4699 293 4772 tionis¹
306 4698 394 4762 ilium
407 4715 532 4773 vexans,
550 4715 620 4762 eum
638 4697 691 4760 ilio
703 4694 994 4770 consenuissetmoc
1009 4692 1062 4757 ab·

196 4781 327 4844 scedcre
341 4779 445 4854 veliet,
462 4781 604 4861 apparuit
629 4780 783 4853 diabolos,
813 4795 849 4840 ne
872 4777 1014 4858 promisit
1028 4793 1063 4838 se

196 4864 419 4937 discessurum,
437 4864 463 4926 si
478 4866 505 4928 is
521 4864 685 4942 imaginem
699 4862 730 4924 b.
747 4861 892 4940 Virginis,
919 4876 1011 4940 quam
1027 4860 1058 4920 iu

197 4945 342 5010 cubiculo
364 4947 508 5019 babebat,
535 4963 598 5010 nou
623 4946 756 5023 amplius
781 4959 816 5006 so
843 4949 1060 5010 veneraturum

196 5029 409 5106 polliceretur.
425 5029 488 5092 Sed
516 5029 593 5094 inite
618 5028 760 5090 diabolus
789 5025 875 5106 lingit
902 5025 1007 5095 odium
1025 5025 1058 5090 iu

196 5111 360 5190 imagines,
374 5118 407 5178 ut
418 5113 564 5182 bomines
578 5112 701 5189 decepti
717 5110 813 5189 magis
828 5126 880 5172 eas
895 5109 1007 5170 noiant.
1023 5106 1059 5170 At
1143 5111 1290 5189 Superest
1300 5111 1376 5190 jin,
1392 5115 1426 5174 ut
1437 5116 1617 5188 argumento
1634 5109 1885 5176 aduersariorum
1910 5112 1977 5176 sol·

197 5193 225 5254 si
240 5193 280 5256 ita
292 5199 350 5264 est.
367 5212 421 5257 oui
442 5194 583 5258 diabolus
606 5200 666 5256 lam
692 5208 788 5270 saepe
804 5209 858 5270 per
877 5189 1012 5254 iudaeos
1027 5195 1058 5252 el
1102 5209 1221 5262 ramus.
1237 5194 1281 5259 Ad
1298 5194 1430 5272 primum
1445 5193 1558 5258 cairiui
1572 5191 1657 5268 dico,
1671 5194 1703 5256 in
1719 5193 1785 5256 illis
1800 5192 1975 5272 Scripluris

197 5275 427 5340 iiabumetaiios
444 5276 614 5354 procurarit
628 5276 796 5358 imaginum
820 5274 1013 5340 aversionem
1027 5277 1058 5340 el
1102 5273 1520 5354 reprebendiidolololriom.
1544 5276 1637 5348 idest,
1649 5276 1767 5342 eutium
1788 5276 1978 5354 imaginum,

197 5359 455 5422 contractionem?
1102 5374 1182 5438 quae
1199 5358 1351 5423 bobenlui
1366 5373 1422 5436 pro
1432 5357 1563 5432 Illionei
1578 5373 1633 5436 per
1646 5374 1725 5438 quos
1739 5357 1884 5424 coluulur
1899 5365 1977 5424 tam·

236 5441 456 5520 Argumentum
470 5442 636 5512 decimum,
666 5441 704 5506 ab
731 5437 848 5506 inialiei
877 5437 959 5502 exitu
989 5435 1057 5500 Ico-
1102 5457 1193 5523 quam
1209 5439 1303 5516 itii-ii,
1319 5441 1371 5520 aiii
1387 5456 1534 5506 rerenoii
1550 5446 1635 5508 sual.

199 5524 432 5594 nomaoborum.
463 5529 494 5586 ei
517 5525 662 5598 ielicitale
690 5538 797 5587 eorum
819 5521 870 5600 qui
900 5519 1054 5602 imagines
1146 5522 1412 5603 adprobationem
1427 5523 1522 5598 illam,
1544 5539 1606 5600 oua
1630 5521 1776 5588 calvinus
1796 5527 1979 5588 conaturo-

197 5606 413 5672 deienderunl.
428 5607 499 5670 ilem
514 5607 545 5670 in
561 5607 668 5686 primis
696 5613 835 5686 tempure
860 5603 974 5666 Leonis
990 5603 1054 5668 loo·
1103 5607 1263 5681 stendere,
1276 5605 1412 5673 ludaeos
1426 5611 1458 5668 ei
1470 5607 1607 5672 Gentiles
1621 5605 1767 5671 odorasse
1782 5603 1884 5670 ileum
1901 5609 1936 5670 in
1952 5609 1976 5669 i-

197 5691 352 5766 comaclu,
369 5697 568 5771 posteaquam
590 5691 740 5770 imagines
755 5693 931 5753 sauciorum
946 5688 978 5750 in
990 5685 1056 5752 loro
1101 5690 1193 5768 dolis3
1206 5689 1277 5754 dieo
1288 5690 1321 5754 iu
1347 5689 1449 5755 uerbis
1464 5688 1580 5754 collini
1595 5688 1748 5757 ocadneri
1763 5689 1860 5754 multi
1883 5707 1977 5758 men·

1192 4906 1371 4970 Solvuntur
1383 4910 1577 4990 argumento
1591 4906 1870 4970 aduersariorum.
