4110 6310
276 365 330 426 idi
847 364 890 422 DE
909 361 1107 424 slhclotttlll
1127 362 1348 424 uhtrl'rttnlltu

207 517 279 566 nem
294 502 361 576 liei,
379 517 468 584 quem
484 499 599 568 hebent
623 497 743 562 enimse
770 517 787 565 e
809 506 906 563 morta
927 500 1066 578 corporis
1108 496 1192 562 aaut
1205 499 1337 580 antiqui
1347 499 1616 576 Patrcsaoeieslis
1624 501 1755 581 annac
1764 503 1976 582 perceptione

210 603 310 666 usque
325 588 362 650 ud
377 582 650 651 resurrectionem.
678 587 709 644 et
724 582 795 646 inde
811 599 908 662 usque
924 581 955 645 iu
971 588 1067 646 aeter·
1110 580 1464 662 differrmtursedmom
1477 591 1512 647 ut
1523 601 1545 648 a
1556 586 1664 648 carnis
1675 586 1883 666 cottiyatioae
1896 603 1976 650 ecce·

207 684 293 730 rrum:
310 669 362 732 ubi
379 666 621 740 videtnrdiccrc,
636 681 702 727 enm
715 681 775 727 non
792 681 946 736 erescere,
964 682 1067 743 nequo
1109 672 1180 732 unt.
1196 667 1234 728 in
1248 667 1376 729 coelesti
1389 668 1464 732 sede
1477 670 1696 747 requiescunt.

206 751 317 813 minui:
334 757 364 813 et
378 749 511 813 loannes
527 748 664 810 villanus
693 747 765 810 libr.
789 749 839 810 ll.
856 749 964 810 histor.
994 765 1064 826 can.
1150 748 1467 829 Decimusseptimus,
1484 749 1633 831 Suloitius
1658 751 1691 812 in
1713 749 1806 828 enisi.
1822 751 1860 812 ad
1876 753 1973 814 hore·

208 833 258 894 ro.
275 833 360 896 dicit:
383 832 583 896 Benediclum
609 830 786 892 definivisse
811 833 978 893 animarum
1001 831 1065 910 glo·
1110 829 1385 906 imminuerem,
1403 833 1441 893 de
1456 833 1541 898 obitu
1557 835 1588 894 b.
1605 831 1721 896 llnrtini
1737 849 1745 894 ι
1763 833 1974 913 Quaamqnurn

206 915 283 978 rium
300 932 361 978 non
377 915 547 994 ungendum
572 919 641 992 pust
654 913 924 978 resurrectionem.
942 913 1001 978 nisi
1017 929 1067 974 cu·
1108 913 1232 982 sciarn,
1249 913 1368 990 inanit,
1384 915 1491 978 uirum
1502 917 1599 978 illum
1611 931 1682 980 non
1696 931 1763 978 csse
1778 917 1972 993 lucendum,

210 999 341 1060 tensius:
358 998 397 1060 ita
413 997 496 1060 euim
510 995 636 1058 testatur
651 1012 686 1058 sc
700 995 854 1058 audivisse
870 1013 884 1056 n
902 997 1064 1074 theologis,
1110 997 1164 1057 cui
1176 1002 1247 1074 nost
1271 997 1451 1068 demotum.
1482 999 1780 1078 triumphalemque
1800 1001 1974 1062 saeculum

205 1081 258 1160 utri
275 1080 488 1150 interfuerunt,
506 1095 574 1142 cnm
590 1079 695 1142 illude
710 1077 855 1156 pontifice
871 1078 1063 1142 definiretur.
1106 1093 1197 1140 nune
1213 1081 1345 1142 demum
1357 1081 1489 1144 reddita
1501 1075 1546 1144 'est
1560 1097 1684 1145 corona
1694 1081 1856 1160 iustitiae.

205 1162 287 1224 llaec
302 1167 341 1226 de
355 1162 535 1241 Augustino.
568 1209 571 1216 .
1151 1161 1605 1227 beaimusonianus.llernrrrdus
1620 1165 1651 1226 in
1666 1163 1796 1244 epistole
1809 1163 1846 1225 nd
1863 1163 1972 1226 lrulres

244 1245 375 1307 (loturus
390 1245 477 1308 Pater
489 1244 622 1318 latinus,
640 1242 679 1304 sit
695 1241 837 1321 Prosper,
852 1240 904 1322 qut
919 1243 975 1305 lib.
989 1242 1062 1306 lde
1108 1242 1147 1304 dc
1163 1243 1319 1314 lllbcruie.
1334 1262 1413 1324 quoe
1427 1246 1557 1309 hebetur
1578 1253 1648 1325 post
1660 1261 1820 1311 sermones
1836 1248 1875 1308 de
1891 1246 1972 1309 lesta
2040 1319 2041 1324 ἵ

204 1328 263 1390 ritu
277 1325 512 1406 contemplative
538 1343 606 1404 cun.
624 1325 653 1387 l.
673 1324 757 1401 Quia
782 1327 963 1389 seeundum
978 1325 1061 1388 Scri·
1108 1327 1245 1388 omnium
1260 1333 1457 1397 sanctorum.
1475 1335 1506 1392 et
1520 1345 1695 1394 sermonem
1709 1328 1749 1391 dc
1764 1345 1792 1392 s.
1807 1328 1969 1390 hetaeum:
2040 1335 2041 1340 ’

200 1415 341 1487 nturae,
358 1411 459 1488 inanit
474 1458 482 1482 ,
497 1424 613 1474 sacrae
626 1424 819 1483 emmonem,
836 1413 902 1470 totu
916 1409 1066 1471 humana
1106 1405 1204 1479 Absit,
1224 1409 1333 1488 innuit,
1350 1417 1388 1474 ut
1402 1418 1460 1474 tua
1472 1427 1575 1480 nunc.
1592 1412 1865 1474 ouaimasancta
1885 1410 1970 1488 (tle-
2040 1449 2041 1490 ,

202 1494 271 1556 uita
284 1493 419 1556 tentatio
445 1498 597 1570 estsuper
608 1495 731 1554 terrant
746 1537 754 1564 ,
771 1496 849 1554 tonte
870 1492 1063 1554 asttcntatin
1106 1488 1427 1557 lechiumdelunctum
1439 1495 1740 1577 illuminatissimus
1749 1493 1865 1574 ellicum
1875 1495 1971 1556 aesti-

200 1571 371 1652 inuam,
388 1576 522 1656 quando
546 1573 661 1652 linitur
685 1579 716 1636 ct
728 1575 866 1652 phana:
882 1581 911 1637 et
925 1579 1006 1638 tunc,
1019 1578 1065 1636 cul
1107 1581 1214 1636 metior
1228 1577 1344 1648 oratio,
1361 1580 1494 1656 qrrundo
1508 1577 1674 1658 prementi
1687 1576 1828 1641 uiuidior
1843 1577 1970 1656 suppli·

200 1657 349 1735 liniendo
358 1658 621 1738 paunuuuando
635 1657 805 1735 posthanc
819 1657 1065 1735 oilampuanue
1107 1673 1182 1720 eure
1197 1664 1242 1720 cst
1254 1659 1430 1738 maiestati.
1446 1677 1507 1724 aec
1515 1660 1590 1740 ,iam
1601 1661 1640 1724 in
1653 1659 1717 1737 {ido
1732 1657 1895 1733 amiatae,
1912 1661 1973 1722 scd

200 1744 350 1805 succedet
362 1758 480 1804 nectua
492 1740 650 1809 uictoria.
666 1745 703 1802 ut
717 1756 828 1820 omnes
842 1739 959 1802 milites
976 1738 1063 1802 Chri·
1106 1739 1143 1802 in
1157 1742 1261 1815 specie
1275 1757 1405 1818 rennos.
1422 1741 1508 1806 Absit
1521 1749 1558 1806 ut
1570 1743 1886 1814 imminuta,nedum
1898 1743 1971 1805 ecci·

200 1824 252 1891 sti.
270 1825 328 1904 qui
341 1841 444 1905 usque
454 1825 494 1886 in
507 1821 606 1901 tinem
618 1823 704 1885 uitae
715 1824 894 1901 proesentis
907 1822 1065 1885 diuinitus
1106 1825 1226 1884 nonita
1240 1829 1298 1886 tua
1309 1823 1372 1887 illa
1386 1831 1453 1890 tam
1464 1842 1600 1906 operosa
1620 1825 1764 1890 charitas
1776 1831 1970 1902 reputetur,

201 1907 310 1984 adiuti
332 1908 400 1971 suis
421 1905 563 1970 hostibus
584 1904 834 1983 iaictiaahihter
853 1907 1061 1976 restiterunt,
1107 1921 1181 1966 cnm
1206 1907 1252 1969 ad
1274 1907 1395 1984 fautum
1407 1909 1516 1990 ipsum
1541 1908 1707 1972 charitatis
1728 1911 1880 1970 antemnae
1893 1924 1970 1986 prn-

201 1989 366 2053 laboriasa
374 1989 448 2072 jam
459 1989 725 2069 perennantione
747 1993 914 2050 transacta
926 1992 1064 2066 renuent
1108 1989 1231 2050 cannabis
1245 1989 1344 2066 clena
1372 1991 1529 2055 hauriens
1545 2008 1621 2065 ore,
1637 1989 1732 2070 maius
1746 1995 1776 2054 ot
1788 1990 1864 2067 ipsa
1875 1991 1974 2068 prius
2040 2025 2041 2030 κ

198 2071 307 2149 inlices
320 2075 359 2135 in
371 2071 594 2151 patrimonica
608 2070 667 2135 hoe
679 2071 739 2133 crit
753 2071 1062 2150 testimomonium,
1107 2067 1275 2134 stillicidia
1285 2073 1427 2148 sitiebas.
1444 2075 1522 2152 Quid
1549 2073 1689 2136 aterius?
1703 2073 1778 2136 dicit
1791 2072 1971 2134 helechium
2040 2067 2041 2118 l

198 2161 236 2220 ut
258 2157 344 2219 uitae
370 2155 639 2234 contemplatione
669 2155 768 2216 semel
795 2170 923 2232 compos
952 2150 1065 2232 effecta
1109 2169 1170 2214 nnn
1185 2155 1342 2220 ambulare
1357 2158 1387 2219 in
1404 2157 1476 2220 fide.
1490 2164 1519 2219 et
1531 2157 1611 2230 tides
1626 2173 1687 2220 non
1707 2160 1892 2226 evacuetur,
1910 2157 1973 2216 nisi

198 2239 443 2315 inempiebilitcr
470 2243 636 2302 auctorem
657 2235 868 2299 beatitudinis
892 2251 1063 2300 senecen·
1108 2252 1164 2314 per
1179 2238 1328 2302 visionem
1353 2241 1533 2304 Trinitatis:
1549 2239 1625 2302 dicit
1648 2254 1719 2300 eum
1741 2237 1787 2300 sic
1811 2237 1868 2298 irui
1886 2239 1972 2298 ionte

198 2317 326 2396 spioiot,
343 2322 384 2385 de
395 2321 456 2384 illo
470 2322 624 2400 nuntient,
635 2321 675 2381 de
687 2319 744 2380 illo
756 2321 845 2400 qnod
857 2320 998 2398 sperauit
1010 2319 1062 2382 ab·
1108 2319 1275 2390 charitatis,
1293 2325 1385 2392 idest,
1402 2322 1467 2386 Deo
1479 2322 1659 2400 ,anamodo
1674 2319 1783 2384 lruitur
1797 2321 1897 2396 cquis,
1915 2321 1970 2397 aui
2040 2335 2041 2406 j

200 2404 302 2466 threni
314 2449 323 2476 ,
336 2409 366 2466 et
378 2404 418 2467 in
431 2420 468 2467 ca
484 2453 493 2478 ,
509 2404 555 2478 cd
568 2403 657 2484 quod
680 2409 791 2466 sancte
802 2403 942 2466 muendo
951 2417 1061 2481 peroc-
1107 2403 1281 2481 procurnbit
1296 2407 1332 2468 cd
1349 2407 1476 2468 tantem.
1494 2411 1525 2468 et
1539 2406 1632 2484 pleno
1648 2403 1748 2466 haurit
1759 2417 1822 2464 ore.
1835 2401 1920 2464 idern
1937 2403 1971 2464 iu

198 2487 297 2556 nemi,
312 2487 384 2550 sina
394 2483 459 2563 hnc
470 2491 674 2566 permuncal.
1107 2501 1250 2549 sermone
1265 2489 1305 2551 de
1318 2506 1345 2551 S.
1359 2487 1574 2562 heninchieuui
1589 2487 1720 2550 hebetur
1733 2486 1771 2546 ed
1784 2483 1874 2546 linem
1889 2483 1971 2546 sitne

238 2567 354 2638 hauns.
369 2569 517 2642 hiacintus
531 2566 740 2638 laurinensis,
775 2565 900 2630 bomilia
917 2567 947 2629 in
964 2566 1061 2629 Euse-
1107 2568 1248 2645 ejusdem
1265 2571 1440 2638 ilnlnchice:
1459 2573 1546 2635 Pari.
1563 2569 1887 2647 inquitcumunyetis
1899 2568 1969 2645 910-

195 2649 282 2712 bium
297 2652 533 2714 vercellensem.
559 2651 682 2730 Dione,
700 2650 824 2730 inquit,
847 2651 1063 2713 inmemoria
1103 2652 1158 2713 ria
1182 2660 1211 2714 ct
1237 2655 1390 2730 felicitate
1416 2655 1568 2718 tactatur.
1596 2651 1691 2732 tiqui
1716 2650 1970 2729 anaetiseruper

195 2735 331 2797 ucrtuur
344 2734 527 2805 hominum,
543 2735 602 2814 qui
616 2735 661 2797 ad
674 2733 847 2812 nandium,
859 2733 991 2796 transiit
1002 2749 1062 2796 art·
1105 2737 1215 2798 viciant
1228 2738 1347 2814 laniem
1359 2738 1478 2809 Patris,
1494 2737 1602 2816 quiin
1617 2735 1713 2798 coelis
1725 2741 1782 2802 est,
1794 2733 1900 2795 ldntth.
1916 2731 1969 2794 lii.

194 2815 352 2892 aulonam
370 2817 405 2877 lit
421 2817 505 2878 hum.
522 2816 560 2878 de
576 2835 603 2881 s.
619 2815 811 2892 ugnetczlttc
824 2815 929 2884 nohis.
948 2815 1058 2892 inquit,
1146 2818 1229 2880 ldcrn
1248 2822 1278 2881 in
1294 2823 1385 2899 epist.
1401 2820 1474 2882 226.
1487 2819 1701 2896 ndSunerium
1727 2815 1867 2878 abbatem
1885 2860 1894 2886 ,
1912 2817 1967 2892 qui

196 2897 317 2961 tribuat
327 2897 918 2978 indmaentiamncccahmm,ouitihi
929 2903 1061 2962 tuorum
1105 2903 1216 2976 cochet
1231 2903 1375 2964 animum:
1391 2901 1560 2979 Quidlihi,
1576 2901 1718 2981 inquitet
1732 2899 1868 2962 humenis
1884 2913 1969 2960 eart-

200 2983 350 3046 omnium
363 2981 513 3045 laborum
527 2981 663 3045 tradidit
674 2981 834 3059 palmam.
1104 2985 1165 3046 uiis
1182 3031 1190 3058 ,
1207 2987 1266 3065 qui
1284 2988 1334 3048 ad
1358 2985 1484 3049 coelum
1507 2985 1613 3047 ituria
1636 2983 1720 3046 stata
1743 2981 1867 3058 alariae
1878 2996 1969 3044 mom

237 3063 394 3137 Decimus,
412 3065 473 3127 heo
486 3065 510 3128 1.
528 3065 558 3126 in
574 3079 669 3132 serm.
684 3063 723 3124 de
738 3081 765 3126 s.
781 3062 1059 3140 Lnnrcuticzltlihit,
1102 3067 1201 3131 indui
1215 3069 1332 3132 trahes?
1346 3068 1383 3130 llt
1397 3069 1484 3130 inira:
1504 3067 1541 3128 lc
1556 3070 1705 3146 eaepectat
1716 3081 1788 3142 puna
1798 3063 1869 3130 ilia.
1879 3077 1969 3142 quae

196 3145 319 3226 inquit,
336 3147 479 3222 obtures,
495 3147 580 3211 nihil
593 3142 722 3224 promis
746 3161 846 3208 saeua
860 3145 1057 3218 erudelitas,
1105 3158 1266 3230 canuerat.
1280 3167 1408 3214 omnem
1423 3165 1564 3213 seruum
1579 3155 1609 3212 te
1624 3153 1796 3226 annectant
1804 3144 1898 3223 inosti.
1911 3147 1968 3207 da·

196 3227 400 3294 subtrahitur
423 3231 589 3293 tormentis
604 3230 668 3291 tuis
692 3229 833 3292 materia
846 3227 993 3290 mortalis
1006 3234 1061 3298 ..et
1103 3243 1163 3296 nec
1176 3235 1378 3298 retribuatur
1391 3233 1460 3308 tihi,
1477 3240 1505 3296 te
1522 3236 1672 3310 annectat
1685 3229 1846 3307 grandinum
1861 3229 1968 3290 name.

201 3311 378 3376 humentia
392 3312 548 3390 innacius
572 3310 710 3375 chemate
723 3356 731 3386 ,
748 3317 783 3374 tu
796 3308 906 3388 deficis
916 3307 1059 3390 humatis
1103 3318 1142 3378 ni
1157 3318 1215 3379 tui.
1233 3313 1303 3396 lpse
1320 3332 1391 3379 nero
1406 3316 1487 3378 idem
1504 3329 1649 3377 somnone
1664 3319 1772 3392 quarto
1785 3311 1823 3373 de
1838 3309 1920 3373 insto
1934 3327 1969 3372 o·

198 3394 277 3456 tuis.
805 3411 806 3420 ¹
1107 3401 1228 3476 mnium,
1240 3406 1416 3464 sanctorum
1431 3397 1516 3473 dicit,
1532 3397 1640 3476 nouem
1654 3441 1664 3464 .
1680 3410 1759 3474 oure
1774 3398 1922 3470 exoneret
1935 3411 1970 3454 a·

239 3475 449 3553 Undecimus,
465 3475 649 3556 Fulgentius
670 3490 765 3538 serm.
781 3475 821 3537 de
836 3492 863 3538 s.
882 3473 1060 3552 Steunene:
1108 3498 1209 3545 mnern
1226 3498 1366 3558 sensum,
1383 3480 1553 3546 consistere
1569 3479 1602 3542 iu
1616 3477 1735 3542 visione
1750 3475 1862 3552 liei,ut
1875 3476 1969 3538 estin

194 3559 309 3635 lindie,
324 3559 436 3638 iuquit,
451 3561 542 3634 miles
567 3557 992 3636 delabernaculocnrporis
1006 3573 1061 3622 eoo·
1106 3564 1222 3639 sclusa.

198 3641 293 3714 ihus,
319 3643 538 3723 incantatur
551 3643 704 3720 miaraoit
718 3643 764 3704 uti
777 3640 1004 3714 coelumsidem
1015 3643 1061 3705 ad
1146 3647 1306 3710 Praeterea
1322 3647 1355 3710 in
1369 3659 1513 3710 sermone
1528 3645 1567 3706 de
1581 3641 1666 3706 obitu
1682 3639 1817 3704 llmberti
1831 3657 1841 3700 c
1857 3639 1939 3702 hece
1954 3683 1963 3700 .

200 3724 284 3788 cocti
294 3726 461 3803 palatium
478 3727 668 3805 perenniter
689 3728 889 3804 regnaturus
903 3725 1061 3788 ascendit.
1106 3726 1215 3809 inquit,
1232 3747 1342 3794 coram
1356 3735 1386 3794 te
1397 3735 1452 3802 eet,
1467 3733 1561 3807 pater
1574 3725 1762 3790 dulcissima
1779 3718 1967 3802 (Umberte)

198 3806 276 3870 ltenr
293 3825 302 3868 ε
319 3808 421 3872 lindie
445 3808 627 3889 Stephanus
640 3807 724 3872 stola
748 3813 794 3870 cst
806 3803 1061 3870 immortalitatis
1103 3813 1176 3890 forts
1190 3815 1245 3878 itte
1258 3814 1411 3894 puritatis
1425 3859 1433 3882 ,
1448 3825 1546 3891 quem
1559 3813 1649 3872 tanta
1672 3807 1790 3870 ardore
1804 3804 1912 3867 enimi
1924 3805 1970 3864 si·

194 3890 346 3954 indutus.
783 3933 784 3936 =
1098 3885 1969 3964 wliebus:ecceimmersuscsinillumiliuinaeoicta-

235 3971 629 4046 Duodecimus,l’rhnesins
645 3972 675 4034 in
692 3971 795 4050 aemil.
811 3971 906 4034 llehr.
925 3969 1061 4034 Caeleste
1104 3979 1144 4042 tis
1159 3979 1323 4061 abyssum.
1337 3977 1429 4056 cuius
1443 3968 1635 4040 memorium
1649 3970 1876 4034 ahnnuamsae
1890 3983 1968 4030 sua.

193 4070 333 4134 rentium
345 4056 567 4122 inaccessibile
592 4053 878 4133 uoluminibus,
894 4055 1059 4133 quoadus-
1102 4063 1211 4126 uitatis
1226 4069 1292 4125 turm
1306 4063 1417 4126 deuote
1430 4065 1578 4122 cunctare
1591 4052 1810 4119 enhhasltem‘
1822 4065 1969 4114 sermone

160 4215 162 4218 Ι
193 4153 257 4216 qne
270 4139 395 4202 ueniret
411 4137 554 4202 Ghrhtus
569 4185 578 4214 ,
600 4140 660 4220 qui
675 4137 970 4218 emplctapaseione
985 4154 1060 4216 ape·
1104 4145 1211 4216 urrinto
1226 4145 1264 4205 de
1280 4145 1358 4207 lesto
1373 4141 1509 4205 omnium
1525 4141 1861 4210 sanctornmtrnctnns
1874 4133 1965 4194 illud:

193 4221 274 4284 rirct
298 4221 394 4284 uobis·
409 4221 708 4302 jinuomnatriae
732 4219 876 4284 eoelestis
891 4263 900 4296 ,
916 4228 1059 4284 reserato
1105 4225 1337 4305 euaecrtimmi
1350 4225 1507 4288 ahmein
1515 4221 1658 4300 jeiuniis,
1671 4219 1752 4299 rictu
1772 4225 1801 4280 ct
1813 4217 1965 4295 planum

194 4303 277 4376 vilvs
291 4304 388 4376 fideii.
404 4305 505 4367 ⁰⁰6l0·
579 4323 582 4333 ⁴
1104 4306 1238 4384 Quaerit,
1249 4327 1305 4372 cur
1318 4308 1401 4370 Deus
1415 4308 1445 4368 in
1459 4304 1582 4386 jejunio
1597 4311 1628 4364 ct
1641 4303 1713 4364 llaln
1728 4299 1901 4364 inventatur
1914 4313 1969 4374 no·

236 4384 685 4466 necinusterttus‚·hrcgortus
701 4402 778 4464 oenc
790 4383 823 4446 iu
835 4384 1058 4463 psalmlmoo·
1104 4393 1187 4464 tius,
1204 4409 1294 4470 qnam
1310 4391 1342 4452 in
1358 4385 1469 4466 nnirdio
1485 4394 1515 4450 et
1526 4385 1731 4461 exultatione3
1747 4390 1779 4446 et
1793 4381 1965 4460 respondet

194 4465 304 4530 nitent.
326 4469 498 4534 ueauauo
513 4476 543 4532 et
567 4468 743 4533 animabus
766 4473 956 4532 sanatorum
984 4473 1060 4531 aute
1103 4475 1341 4548 interrogando:
1359 4467 1498 4535 dn'ocro
1516 4469 1624 4550 italus
1644 4467 1720 4529 crim
1741 4464 1923 4530 iniustitia
1936 4467 1968 4524 et

192 4553 463 4616 resurrectionem
486 4549 667 4623 tribuitur.
684 4557 714 4614 et
738 4550 926 4629 ouantibus
939 4549 1058 4613 nihilo·
1103 4557 1318 4622 multatione.-
1333 4555 1479 4636 quiana
1493 4549 1759 4630 concriminatus
1771 4546 1969 4617 occaecans·

192 4633 304 4698 mihi&
316 4634 566 4714 rusticanum
577 4635 811 4713 conierelurdll
826 4633 881 4696 lib·
897 4631 929 4696 4·
941 4633 1057 4714 dulos·
1102 4641 1139 4704 in
1147 4639 1277 4720 jejunia
1307 4645 1337 4702 ct
1348 4638 1428 4718 heiu
1437 4635 1653 4714 repenarrha
1664 4631 1838 4712 artonosco
1843 4629 1967 4710 intutus,

200 4731 271 4794 eeu.
287 4716 339 4780 25.
355 4733 394 4780 ex
406 4717 546 4796 professo
562 4718 592 4780 iu
609 4717 731 4794 orabat.
1099 4723 1161 4801 ,qui
1168 4723 1242 4803 jam
1256 4727 1461 4802 compertum
1474 4717 1712 4782 merua-traca
1726 4715 1785 4794 qui
1796 4713 1908 4776 adlatae
1917 4710 1967 4773 oi·

235 4797 605 4880 Dissiffitlitltliflusssedi
621 4801 653 4862 in
668 4817 737 4874 cill-
754 4797 785 4860 6·
797 4797 924 4873 Α20031·
939 4797 1058 4876 Sinua-
1101 4811 1154 4868 oat
1166 4822 1209 4868 em
1219 4803 1283 4882 lide
1298 4811 1357 4867 etc.
1373 4803 1427 4866 tibi
1443 4800 1596 4866 admittit,
1614 4798 1736 4878 aliquos
1760 4797 1825 4876 jorn
1840 4801 1969 4856 sanctus

197 4881 268 4954 itti,
284 4881 406 4962 inquil.
422 4884 518 4946 moda
542 4884 641 4946 culce
655 4882 774 4946 habent
794 4881 927 4944 animae
941 4882 981 4942 dc
994 4896 1057 4943 sua
1101 4903 1163 4950 non
1180 4887 1282 4951 vivere
1307 4903 1344 4952 ex
1358 4886 1438 4956 lide,
1456 4883 1510 4946 sed
1533 4887 1701 4959 cnnspcctn
1729 4880 1783 4940 lici
1799 4877 1871 4940 irui.
1888 4876 1967 4938 Vide

193 4962 985 5050 municiunculamcaunacanaarqenaun
997 4979 1055 5026 an·
1101 4970 1193 5032 etiam
1218 4985 1297 5051 quoe
1312 4967 1419 5046 scribit
1433 4967 1463 5030 iu
1480 4965 1620 5029 seeundo
1645 4975 1790 5026 sermone
1816 4961 1857 5024 de
1872 4976 1902 5024 s.
1920 4959 1969 5020 tli-

194 5051 257 5109 tcm
273 5047 765 5130 corporibusiuntalsaiamin
778 5047 1055 5126 terrasunduph'·
1100 5059 1197 5118 utero.
1386 5061 1388 5066 ·

196 5129 251 5191 oin
262 5127 483 5206 nosudehunt.
638 5165 646 5184 2
1140 5135 1185 5198 hd
1199 5135 1265 5198 lace
1284 5133 1381 5211 igitur
1404 5131 1435 5194 in
1450 5130 1635 5194 contrarium
1662 5127 1754 5191 dico:
1771 5123 1965 5190 bernardum

237 5213 522 5293 ltecimusquintus.
535 5213 650 5292 llnymo
665 5212 695 5274 in
712 5210 844 5274 eundern
861 5211 974 5284 locum:
989 5211 1056 5274 l‘ri·
1102 5216 1261 5296 Augustini
1277 5232 1347 5279 esse
1363 5213 1555 5292 discipulum
1572 5257 1581 5288 ,
1596 5217 1627 5274 et
1641 5227 1711 5274 eum
1727 5210 1802 5272 dicit
1815 5256 1824 5282 ,
1838 5214 1970 5270 sanctos

193 5309 261 5363 rua.
278 5293 388 5371 inquit,
404 5297 487 5359 stola
501 5303 547 5360 cst
560 5312 681 5359 merces
695 5294 858 5374 implumi,
873 5296 1059 5372 praemium
1104 5297 1160 5381 per
1175 5299 1433 5364 resurrectionem
1454 5295 1575 5359 risuros
1591 5295 1688 5356 ileum
1704 5339 1712 5364 ,
1727 5294 1760 5356 et
1775 5307 1838 5354 non
1851 5297 1943 5356 oulen
1958 5337 1968 5364 ,

194 5372 359 5455 martyrii,
376 5393 499 5442 merces
512 5377 902 5457 eeternomtm,9audium
916 5377 1059 5441 coelestis
1103 5399 1165 5446 non
1180 5382 1264 5460 locui
1279 5382 1318 5444 de
1333 5377 1467 5457 simplici
1481 5376 1678 5452 visionensi
1693 5375 1733 5438 de
1747 5374 1800 5437 illu
1815 5374 1969 5452 perlecto,

194 5455 408 5524 beatitudinis
423 5466 484 5525 ota.
1105 5483 1196 5544 quam
1211 5463 1338 5527 hebebit
1352 5463 1473 5535 anime,
1490 5460 1614 5539 quando
1637 5463 1699 5521 toto
1714 5457 1834 5536 impetu
1848 5457 1972 5520 leretur

235 5539 502 5615 Decimussertus,
514 5543 681 5606 dnsolmns
696 5543 725 5604 in
742 5542 773 5605 2.
787 5503 1057 5606 Connthiirae·
1105 5547 1137 5610 in
1154 5547 1263 5612 heum.
1279 5546 1316 5608 lit
1331 5543 1392 5609 hoo
1406 5549 1486 5624 natet
1512 5559 1550 5606 er
1565 5555 1710 5605 sermone
1731 5539 1822 5604 tertio
1834 5540 1874 5602 de
1887 5537 1972 5602 iesto

193 5623 368 5693 ditatores,
381 5623 492 5702 inquit,
508 5626 672 5690 Ecclesiae
684 5671 693 5699 ,
704 5632 878 5705 postquam
892 5627 932 5688 de
947 5640 1056 5702 corpa-
1103 5630 1241 5694 nmnium
1253 5634 1439 5692 sanctoruni.
1456 5625 1528 5688 Nem
1544 5631 1743 5704 posteaquem
1758 5623 1890 5696 dixerut,
1905 5623 1974 5683 ani·

194 5704 284 5771 ribus
299 5711 433 5786 eccuni,
450 5723 664 5791 nequaquam
677 5725 735 5786 ner
756 5724 922 5774 morarum
935 5707 1056 5787 spatia,
1105 5729 1171 5778 mns
1186 5717 1307 5778 eructes
1322 5711 1354 5776 iu
1371 5711 1427 5774 hnc
1444 5710 1501 5774 nita
1518 5723 1589 5774 esse
1604 5707 1635 5770 in
1649 5705 1858 5770 tabernaculis
1874 5753 1881 5782 ,
1899 5711 1974 5786 pust
