4110 6310
292 341 347 399 ui
726 327 729 336 '
782 327 785 334 ‘
848 345 892 403 os
915 319 1370 410 saumonuuisinrumnu'
2042 335 2043 426 i

215 474 369 556 recipere,
386 482 417 542 st
430 474 551 540 chasia
576 479 804 562 eleemosynam
826 479 927 546 lacere
952 481 1073 554 dieitur,
1162 479 1331 564 Cyprianus
1350 485 1404 548 lib.
1418 485 1448 548 l.
1465 483 1558 562 epist.
1581 485 1613 548 5.
1628 485 1829 568 Martyrum,
1853 485 1985 567 inquii,

217 559 288 636 quia
303 558 337 621 ili
352 567 476 639 propter
490 560 656 636 Ghrlslum,
672 569 702 627 el
727 562 867 628 Ghrisius
888 565 928 626 lta
953 565 1074 644 accipit,
1119 569 1298 646 passiones,
1315 575 1344 631 et
1359 569 1427 632 dies
1442 567 1674 633 anniuersario
1701 570 1990 633 commemoratio·

216 640 484 705 assidereisibi.
1024 663 1032 674 ’
1120 665 1164 714 aa
1181 651 1391 715 celebramus.
1660 681 1663 688 ·

258 723 391 787 Basilius
406 725 543 789 aratione
557 726 590 788 in
605 733 744 792 sanatum
759 727 954 792 humaniora:
969 729 1075 793 Ecate-
1163 733 1344 796 Ambrosius
1367 749 1461 797 serin.
1478 735 1508 798 G.
1526 735 1556 797 in
1571 733 1652 796 line:
1671 729 1823 814 Quisquis
1840 734 1989 798 neaera

215 806 279 878 sia,
297 810 406 886 inquit,
420 817 480 887 per
493 809 564 883 hoc,
580 811 669 890 guod
683 827 735 878 eos
749 811 962 894 bonorat,qui
981 829 1076 894 prae·
1120 821 1292 898 martures,
1318 816 1459 881 honorat
1477 819 1510 881 et
1525 818 1700 893 Christum,
1728 823 1758 880 et
1772 819 1833 900 gai
1856 819 1992 898 spemn

216 895 392 966 cesserunt,
407 899 593 969 praesentes
616 893 765 973 impetiit.
789 893 827 956 Et
848 905 928 958 orat.
945 897 978 958 in
1002 912 1077 974 qae-
1119 901 1261 966 'saaetos
1277 900 1641 978 spernitetiiomt'num.
1692 943 1695 952 t
1750 925 1756 964 ,-

215 973 356 1051 draginta
384 980 546 1056 martyres:
573 975 694 1048 Honor,
721 978 831 1057 inquii,
859 993 956 1058 quem
983 977 1075 1041 bouis
1163 982 1309 1044 Maximus
1324 999 1419 1045 serm.
1436 985 1474 1046 de
1490 985 1580 1046 naiaii
1597 989 1774 1044 sanctorum
1788 982 1921 1057 Octauii,
1936 983 1994 1044 ad-

212 1057 377 1118 sensercis
392 1057 594 1128 emitibomur,
621 1057 863 1123 beneuolentiae
891 1077 971 1139 erga
991 1075 1076 1123 com·
1119 1065 1254 1126 senioris
1270 1071 1300 1126 el
1315 1067 1459 1128 solutoris
1474 1074 1664 1146 martyrum:
1691 1063 1831 1140 Cuncti,
1862 1067 1992 1144 iuquit,
2042 1075 2043 1140 g

213 1151 347 1200 munem
361 1137 534 1203 domimum
546 1139 819 1220 significationem
832 1143 872 1206 do
885 1143 1074 1226 sepraeiret.
1120 1153 1279 1227 martyres
1294 1147 1493 1211 deuotustme
1519 1147 1709 1228 percolendi
1729 1154 1824 1216 sant.
1841 1150 1902 1211 sed
1918 1164 1993 1226 spe·
2042 1161 2043 1218 i

258 1219 425 1300 Gregorius
440 1224 644 1304 nazianzenus
657 1226 794 1287 oratione
809 1224 841 1286 in
862 1226 1074 1300 machabaeos,
1121 1231 1247 1292 cialiter
1260 1229 1289 1292 ii
1300 1231 1491 1306 amarandi,
1508 1245 1650 1314 guarum
1663 1229 1825 1310 reliquias
1841 1231 1995 1310 posside·
2042 1237 2043 1314 ζ

214 1302 304 1365 initio
320 1307 531 1383 conqueritur,
550 1307 634 1386 quod
648 1313 771 1370 sanatos
795 1307 996 1372 metaurenses
1014 1323 1074 1370 non
1122 1329 1207 1376 mue.

218 1400 328 1448 ornnes
353 1387 467 1466 ubique
492 1390 604 1462 caiani,
631 1389 712 1452 sicut
735 1391 912 1470 martyrium
938 1392 1075 1470 ipsorum
1174 1413 1177 1423 ·
1297 1393 1298 1396 ’

210 1477 357 1530 inuretur.
375 1468 413 1530 lit
425 1476 502 1533 orat.
519 1473 547 1532 l.
565 1475 596 1532 in
617 1470 785 1546 Iulianum,
816 1489 877 1534 iton
905 1475 1012 1553 procul
1036 1474 1074 1535 ab
1161 1486 1345 1549 prudentius
1359 1487 1399 1548 eg
1414 1501 1441 1549 s,
1459 1487 1649 1570 flyppoiiio:

211 1550 311 1624 initio,
328 1552 460 1630 loquens
476 1553 515 1616 de
530 1554 663 1632 quodam
678 1556 807 1628 lionore,
837 1557 981 1636 impenso
995 1574 1010 1617 a
1025 1554 1077 1618 Ju·
1513 1599 1516 1607 ·
1755 1597 1758 1602 ·

216 1632 299 1694 liano
315 1633 451 1712 apostata
467 1636 587 1698 cuidam
615 1636 749 1715 martyri,
777 1654 871 1717 quern
897 1645 1008 1719 martyr
1023 1638 1076 1700 ille
1194 1657 1244 1713 ure
1257 1658 1431 1726 immutatis,
1446 1657 1601 1730 uniruique,
1615 1662 1641 1715 ei
1654 1657 1781 1728 carparis
1794 1672 1887 1732 aeger

212 1717 630 1796 mirshiiisignorecusavit:
650 1719 1075 1800 dissignemlnqaiimar·
1189 1728 1280 1788 „Grani
1292 1731 1529 1802 maiestatemne,
1544 1747 1626 1800 opem
1643 1730 1745 1786 merui.
1852 1759 1865 1788 a

211 1801 463 1880 tprurninterse
489 1803 690 1871 charitatem.
717 1803 1079 1883 asserentibusque·

210 1883 328 1944 multas
342 1886 501 1966 martyres
524 1886 722 1964 contemptui
748 1885 920 1951 habiturus
944 1893 1013 1950 erat
1026 1901 1077 1949 re·
1122 1893 1193 1956 liotr
1211 1894 1303 1956 iilud:
1321 1894 1418 1958 Gravi
1436 1900 1559 1968 ,atratus

212 1971 382 2028 rimarunt.
411 1967 446 2026 Gt
459 1969 552 2046 pauiu
567 1974 637 2030 ante
652 1970 779 2042 dixerat,
798 1971 947 2032 bonorem
964 1977 1074 2048 marty·
1163 1977 1308 2040 Paulinus
1321 1980 1410 2040 natali
1427 1980 1526 2058 primo
1539 1996 1567 2041 s.
1584 1972 1727 2041 baucis:

212 2064 280 2109 turn
296 2065 367 2110 esse
384 2055 580 2128 perspicuam
595 2056 696 2111 liniam
711 2053 823 2113 amoris
841 2053 870 2112 in
885 2051 1052 2114 Christum.
1160 2109 1161 2114 ,

254 2129 419 2210 Gregorius
432 2147 586 2211 nyssenus
598 2133 735 2196 oratione
748 2134 778 2194 in
792 2134 987 2197 Theodorum
1000 2152 1078 2201 mar·
1195 2145 1286 2204 liano
1297 2151 1379 2205 Petra
1392 2151 1535 2221 Panaque
1544 2153 1797 2222 poterisrerescere
1808 2151 1921 2224 gaudet
1953 2181 1955 2184 ·

213 2218 323 2290 lyrein,
341 2213 394 2274 uhi
411 2217 502 2276 inulla
518 2217 592 2276 uixit
607 2215 646 2276 du
662 2215 759 2288 buliu,
776 2218 828 2292 qui
841 2218 956 2278 sanclis
969 2225 1079 2302 marty·
1193 2221 1284 2294 Hujus
1296 2221 1401 2278 honore
1416 2223 1467 2279 Dei
1482 2225 1535 2279 elo.

210 2297 299 2357 ribus
315 2297 353 2357 ab
370 2295 507 2359 Ecclesia
520 2297 690 2370 exhibetur,
707 2295 759 2358 aii:
781 2297 841 2361 Gai
854 2291 1078 2386 regiittmtoiih

212 2377 317 2442 itamar
328 2377 483 2443 liabetur?
500 2378 574 2456 Quis
590 2380 872 2461 radagaisum
883 2383 1078 2450 modumin·
1124 2382 1162 2448 Ei
1176 2383 1267 2446 natali
1285 2389 1408 2447 octana:

213 2468 262 2524 ter
276 2461 421 2526 homiues
434 2463 594 2536 emandare
606 2463 669 2524 ais-i
681 2468 769 2538 suut,
784 2465 1018 2532 taiiwmemom'a
1029 2483 1078 2532 aa·

214 2543 379 2608 iteratur?
392 2543 470 2628 Quis
481 2548 659 2625 imperator
672 2545 755 2607 adeo
767 2547 969 2622 decantatus,
985 2556 1016 2612 et
1028 2551 1077 2628 sa
1139 2615 1146 2622 ,
1198 2555 1400 2629 dajaihancre
1414 2559 1612 2630 nauigasset,
1627 2559 1817 2630 qstarsarigr
1830 2559 1974 2616 honoram

212 2627 459 2691 maceiehratus
484 2637 540 2704 est,
555 2633 592 2690 ut
617 2628 669 2690 iiia
697 2629 789 2691 miles
813 2645 956 2709 pauper,
979 2635 1077 2696 modo
1198 2627 1540 2703 desumpsitprapriam.

211 2715 416 2806 consoriptus
433 2710 523 2792 apis,
539 2725 636 2792 quern
656 2708 780 2806 Gaiam
804 2713 957 2810 armandi,
982 2731 1078 2794 wem
1194 2793 1200 2808 ·
1384 2794 1390 2806 ¹
1469 2794 1475 2806 ι
1607 2794 1612 2806 .
1672 2794 1678 2808 ⁸

213 2791 1072 2956 iiiiiiiiiliilfltilluminabis.
1122 2793 1745 2956 ,instructissimis
1762 2794 1989 2948 isitium

216 2971 294 3032 rent,
311 2959 659 3039 qaiilariaotamqoam
674 2957 1077 3026 beaesacrillaiumoileru
1123 2958 1307 3023 Dominum.
1324 2957 1479 3021 Eiinriir
1502 2961 1632 3022 Pauus:
1666 2960 1748 3034 Vale,
1765 2961 1932 3030 aPauia.
1960 2969 1990 3023 et

216 3043 299 3117 baal,
318 3049 470 3117 metucns,
488 3059 528 3106 ne
544 3045 601 3104 ista
616 3043 781 3106 occasione
803 3043 907 3106 nuliius
929 3045 1028 3108 honor
1043 3047 1076 3108 h.
1123 3042 1383 3106 cultoremtuum
1395 3043 1597 3106 orationibus
1605 3043 1701 3124 iuna.
1717 3043 1752 3105 iii
1765 3044 1883 3108 ibidem
1896 3046 1986 3114 dicit.

215 3123 326 3186 Mariae
343 3124 523 3198 deierreiar,
541 3131 669 3186 uinum
697 3123 843 3188 haeretiei
869 3126 993 3200 iaciunt,
1010 3143 1079 3190 sae·
1123 3123 1247 3187 Paulam
1262 3125 1495 3188 cuminriserei
1522 3135 1646 3189 sanctas
1661 3129 1816 3190 eremitas.
1848 3129 1987 3206 singuiis

217 3207 345 3284 pissime
360 3208 470 3285 repetii
483 3207 535 3269 ilia
549 3205 653 3269 uerba:
666 3202 1006 3283 desinhonorantia,
1019 3213 1077 3272 iio·
1123 3207 1159 3268 ad
1175 3208 1273 3286 pedes
1288 3207 1487 3286 provolutam,
1505 3211 1543 3268 ila
1561 3223 1616 3270 cos
1630 3212 1767 3272 uenerari
1792 3208 1934 3284 solitam,
1953 3227 1987 3272 ac

215 3289 327 3352 ruimus
342 3291 509 3353 adoretur.
868 3343 870 3350 ,
996 3357 1001 3365 ,
1122 3290 1150 3350 si
1160 3288 1192 3351 in
1205 3287 1336 3368 singulis
1349 3288 1502 3352 Christum
1514 3291 1664 3353 adoraret.
1678 3289 1734 3354 libi
1746 3299 1830 3354 certe
1843 3309 1910 3354 non
1925 3294 1988 3373 agi·

263 3371 398 3434 loannes
413 3375 646 3452 chrysostomos
660 3373 770 3438 homil.
787 3371 826 3434 de
837 3373 952 3436 sanctis
967 3373 1078 3437 iuren-
1122 3377 1171 3433 tur
1185 3371 1225 3434 ile
1236 3373 1319 3436 calm
1335 3373 1433 3448 cisili3
1451 3387 1511 3434 non
1527 3373 1608 3435 enim
1632 3373 1763 3436 ioemina
1786 3373 1987 3438 nobiiissima

218 3455 283 3516 iino
299 3459 330 3516 et
343 3455 484 3517 lianinno:
500 3455 569 3519 Gari
582 3459 677 3522 aliter
689 3457 831 3536 priscos,
849 3455 963 3535 inquii,
983 3459 1080 3520 aliter
1123 3455 1297 3517 rusticanos
1314 3456 1451 3518 'civiliter
1473 3455 1655 3518 honorasset
1670 3463 1749 3520 lania
1774 3457 1987 3538 subjectionis
2042 3489 2043 3526 ;

214 3537 407 3601 recentiores
421 3539 524 3602 colitis
538 3539 748 3610 sanctoused
772 3537 889 3601 eadem·
910 3540 1080 3604 alacritate
1124 3536 1361 3615 signiticaiione.
1757 3581 1759 3584 -
2042 3537 2043 3610 i

217 3635 339 3683 animes.
356 3621 393 3682 lil
407 3621 495 3683 inira:
511 3621 551 3684 tit
565 3629 736 3706 martyres,
746 3621 863 3698 inquil,
879 3637 960 3702 quos
983 3623 1079 3686 hodie
1165 3619 1352 3698 Augustinus
1377 3631 1471 3682 serm.
1490 3620 1519 3681 l.
1535 3619 1577 3682 de
1588 3622 1704 3683 sanclis
1719 3622 1807 3684 Petro
1822 3627 1853 3684 st
1865 3621 1984 3686 Paulo:

146 3685 187 3803 a]
216 3703 528 3849 adaragtffiinira:
556 3708 792 3852 idicircosaepe
816 3719 869 3766 cos
882 3704 1075 3790 iumsamus,
1119 3700 1821 3862 ffigiiisiffiuaedgssgffyegiffiwmiffl
1836 3705 1983 3866 3523?

230 3801 359 3848 unitis
427 3803 648 3854 cremasse·
1235 3807 1239 3819 ’
1814 3827 1859 3849 ιι
1941 3805 1981 3850 S·

259 3867 389 3948 Gyriilus
405 3870 631 3935 alexandrinus
642 3872 697 3934 iib.
711 3871 742 3934 ii.
758 3868 789 3931 in
804 3867 979 3945 talianum,
996 3872 1073 3931 mira
1121 3865 1173 3928 it.
1193 3866 1657 3932 mnamturmtiuliomae'tn
1668 3876 1756 3932 tanto
1770 3870 1891 3933 lianore
1904 3877 1981 3932 iem-

216 3951 768 4032 rncilium:Nos,inquit,uaniieos
788 3952 1071 4029 iactoseasadimi·
1115 3951 1210 4027 plum
1223 3950 1760 4032 bomuii.isquantoibioeiesdo
1788 3955 1984 4016 memoriam

211 4033 787 4125 rriussanctaemortgres‚sedomni
801 4034 923 4098 honore
937 4035 1073 4118 dignari
1116 4032 1212 4094 Petri.
1225 4034 1370 4096 tia-Petra
1386 4038 1459 4113 griis
1483 4034 1674 4124 damnatur.
1700 4035 1837 4098 nisiiiie
1862 4036 1984 4113 mmin-

212 4118 451 4180 eonsueuimus.
745 4129 746 4132 ’
868 4147 873 4150 -
1117 4115 1980 4197 otuspranabmtldemiib.2it.ooniral¹auslum‚aap.

255 4195 467 4262 iheodoreius
479 4203 535 4264 iib.
551 4203 582 4265 8.
599 4202 637 4265 ad
653 4199 786 4264 Graecos
801 4216 809 4260 :
827 4199 918 4272 Suae,
948 4198 1071 4278 inquit,
1117 4199 1169 4260 ul.
1186 4199 1344 4276 objicienti
1356 4198 1480 4267 Fausto,
1497 4200 1578 4276 quod
1595 4198 1761 4261 Christiani
1775 4200 1857 4264 idaia
1869 4204 1979 4262 seriis·

214 4289 358 4345 mortuos
373 4279 529 4348 Dominus
540 4286 623 4348 bein
633 4282 793 4348 mosterio
804 4283 993 4361 tempiapro
1005 4281 1072 4346 Diis
1118 4287 1188 4342 sent
1203 4282 1234 4343 iu
1248 4288 1405 4360 martyres,
1424 4281 1581 4358 respondit
1596 4299 1612 4342 a
1626 4281 1809 4346 Christianis
1823 4283 1880 4344 caii
1899 4299 1977 4344 mar·

212 4367 325 4426 vestris
353 4365 502 4438 inducit,
519 4369 646 4432 auditos
661 4367 795 4446 quidem
818 4381 924 4428 cassos
938 4365 1073 4444 ptoria;
1118 4370 1212 4442 tyras,
1243 4365 1297 4426 sed
1325 4379 1385 4425 non
1412 4360 1508 4424 latria.
1526 4363 1561 4424 iit
1576 4365 1607 4425 in
1625 4366 1704 4442 psai.
1731 4363 1977 4452 Giixohjiaienti·

211 4461 378 4527 uanosque
391 4450 548 4524 reddidit,
560 4451 630 4514 suis
641 4456 750 4513 actam
762 4447 961 4529 martyribus
976 4448 1074 4510 hano·
1119 4446 1189 4506 iras.
1206 4445 1355 4516 Gtiinicis,
1372 4447 1455 4526 quod
1469 4445 1632 4508 Christiani
1657 4450 1796 4510 coierent
1822 4451 1976 4526 angelos,

211 4547 283 4592 rem
295 4531 430 4592 iliorum
445 4534 535 4596 dedit
550 4539 608 4596 elo.
625 4533 680 4595 libi
698 4531 868 4594 natandum
882 4537 951 4600 esi,
977 4532 1072 4592 bono·
1120 4525 1279 4604 respondit
1292 4528 1455 4599 similiter,
1472 4536 1502 4587 et
1515 4529 1619 4590 addit:
1647 4529 1774 4593 Glitiam
1787 4535 1885 4594 eiras
1904 4531 1980 4592 ilios

213 4629 277 4674 reni
295 4613 429 4674 Deorum
446 4617 589 4684 traditum
618 4615 819 4696 martyribus:
836 4613 907 4694 quia
922 4613 975 4676 nbi
991 4612 1074 4675 onie·
1119 4610 1221 4673 coiere
1245 4609 1392 4685 uallatis,·
1418 4612 1515 4688 iaoiio
1541 4613 1628 4674 enirn
1640 4613 1683 4674 ab
1700 4613 1780 4692 ipsis
1801 4614 1977 4676 duceretis.

212 4695 400 4770 baniarDii‚
430 4714 512 4759 nuno
537 4701 682 4762 coluntur
708 4702 865 4775 martyres,
884 4713 944 4758 iton
971 4702 1074 4756 aulem
1116 4693 1855 4778 nouitioeaoiere,idest,uoumtereutlieaa
1871 4697 1980 4759 :adid

214 4779 298 4858 qaod
315 4779 424 4841 eodem
438 4780 529 4843 modo
542 4783 692 4843 solantur.
707 4780 816 4842 Subdii
837 4779 920 4840 enirn
934 4777 1073 4839 unsaao-
1118 4781 1257 4838 saucios.
1535 4801 1539 4806 ·

213 4869 321 4923 retus:
339 4862 433 4942 Atqui
445 4879 517 4938 mus,
534 4880 552 4926 e
571 4863 684 4927 Graeci
708 4860 1072 4932 thalassometram
1159 4858 1324 4937 Gregorius
1348 4858 1405 4920 iiio.
1423 4858 1453 4920 3.
1470 4857 1585 4938 dialog.
1611 4875 1678 4938 oap.
1705 4860 1757 4922 24.
1773 4860 1858 4928 diali.
1876 4859 1909 4921 h.
1926 4859 1981 4921 lle·

211 4943 425 5025 martyribus,
449 4961 509 5009 mco
525 4947 686 5014 libamine
710 4946 781 5008 ulia
806 4945 993 5022 deferimus,
1015 4943 1074 5007 ssd
1120 4946 1198 5002 trurn
1224 4941 1406 5019 apparuisse
1430 4941 1552 5002 auidam
1567 4941 1732 5006 Theodoro
1760 4943 1919 5020 lampades
1935 4944 1981 5003 in·

211 5032 391 5088 aitsanctus
421 5029 580 5104 homines,
597 5028 717 5109 licique
741 5029 953 5090 amicissimos
974 5027 1074 5089 bona·
1120 5025 1247 5085 uiuenti
1275 5026 1305 5084 in
1317 5024 1457 5090 Ecclesia
1470 5023 1531 5098 ipsi
1546 5024 1577 5085 h.
1594 5023 1683 5088 Petro
1702 5027 1812 5095 dicata
1830 5035 1862 5088 ut
1876 5031 1981 5086 oslen-

213 5125 337 5170 ramus.
1121 5107 1208 5168 deret
1223 5105 1352 5183 probare
1364 5107 1608 5181 reiterationem,
1625 5125 1716 5188 quam
1732 5111 1904 5172 sortientes
1918 5107 1981 5170 sibi

255 5188 398 5270 Denique
417 5194 554 5258 ioannes
570 5194 779 5256 Damascenus
792 5191 829 5254 da
844 5192 907 5253 lide
920 5191 1064 5255 orthodo-
1121 5186 1280 5250 exhibent.
1303 5257 1307 5263 .

213 5288 263 5342 xa,
280 5273 334 5334 lib.
350 5274 382 5335 l.
397 5293 464 5356 cap.
482 5279 531 5344 iii.
548 5277 727 5344 Hortatore.
755 5277 864 5352 inquil,
881 5276 972 5337 decet
990 5291 1066 5336 saa-
1154 5271 1324 5332 Reriianlus
1339 5271 1480 5332 suumin
1495 5271 1589 5349 illud;
1608 5273 1738 5351 Signum
1758 5289 1902 5354 magnum
1915 5279 1978 5334 elo.

213 5361 291 5426 ctas,
307 5359 344 5418 ut
367 5361 489 5426 amieos
519 5359 658 5435 Giiristi,
684 5367 721 5422 ut
747 5357 831 5437 iiiios
859 5363 889 5421 ct
913 5359 1067 5422 haeredes
1114 5349 1354 5431 implectamur
1381 5353 1504 5416 Mariae
1531 5358 1679 5434 catinia.
1706 5361 1737 5418 el
1764 5357 1976 5420 dmutimima

213 5435 282 5512 liei,
299 5441 357 5499 etc.
1114 5437 1350 5513 supplicatione
1363 5435 1464 5498 beatis
1474 5438 1565 5502 iliius
1579 5433 1717 5519 pedibus
1731 5439 1975 5518 proooluamur.

255 5517 426 5583 bubalinis
450 5521 655 5587 Tertullianus
669 5524 708 5586 do
723 5535 835 5586 canoris
860 5521 986 5596 militis,
1006 5537 1068 5584 me·
1115 5517 1152 5612 ill
1166 5535 1260 5580 serm.
1277 5518 1430 5614 sequenti,
1447 5521 1498 5598 igni
1514 5528 1562 5583 est
1576 5529 1615 5588 de
1630 5525 1848 5602 aquaeductu:
1870 5521 1975 5586 usas.

213 5603 301 5664 ininit
326 5603 544 5669 celebrationis
569 5606 720 5672 iustarum
743 5608 775 5669 in
792 5606 936 5669 natalitiis
958 5611 1069 5685 marty·
1114 5602 1225 5672 rooldi,
1251 5600 1402 5664 medullw
1427 5603 1594 5680 cmliii,
1618 5606 1688 5668 iiiiii
1702 5605 1977 5683 mmmm

213 5701 292 5748 runi.
665 5759 670 5762 ,
996 5719 1002 5733 2
1117 5679 1291 5763 effectibus
1307 5684 1428 5747 moniis
1442 5686 1591 5750 manitus
1609 5685 1974 5762 flitmumsssencremut',
