<?xml version="1.0" encoding="UTF-8"?>
<!DOCTYPE html PUBLIC "-//W3C//DTD XHTML 1.0 Transitional//EN"
    "http://www.w3.org/TR/xhtml1/DTD/xhtml1-transitional.dtd">
<html xmlns="http://www.w3.org/1999/xhtml" xml:lang="en" lang="en">
 <head>
  <title>
</title>
<meta http-equiv="Content-Type" content="text/html;charset=utf-8" />
  <meta name='ocr-system' content='tesseract 3.04.00' />
  <meta name='ocr-capabilities' content='ocr_page ocr_carea ocr_par ocr_line ocrx_word'/>
</head>
<body>
  <div class='ocr_page' id='page_1' title='image "./operaomnia02sforgoog/operaomnia02sforgoog_0342.png"; bbox 0 0 4086 6296; ppageno 0'>
   <div class='ocr_carea' id='block_1_1' title="bbox 848 346 1788 424">
    <p class='ocr_par' dir='ltr' id='par_1_1' title="bbox 848 346 1788 424">
     <span class='ocr_line' id='line_1_1' title="bbox 848 346 1788 424; baseline 0.007 -25"><span class='ocrx_word' id='word_1_1' title='bbox 848 346 944 402; x_wconf 69' lang='lat' dir='ltr'><strong>illisit</strong></span> <span class='ocrx_word' id='word_1_2' title='bbox 971 347 1112 422; x_wconf 71' lang='lat' dir='ltr'><strong>&#39;t&#39;llltt&#39;ltjs</strong></span> <span class='ocrx_word' id='word_1_3' title='bbox 1738 353 1788 424; x_wconf 71' lang='lat' dir='ltr'><strong>bil</strong></span> 
     </span>
    </p>
   </div>
   <div class='ocr_carea' id='block_1_2' title="bbox 47 477 1912 4417">
    <p class='ocr_par' dir='ltr' id='par_1_2' title="bbox 80 477 1866 1390">
     <span class='ocr_line' id='line_1_2' title="bbox 130 477 1865 566; baseline 0.002 -20"><span class='ocrx_word' id='word_1_4' title='bbox 130 477 322 560; x_wconf 72' lang='lat' dir='ltr'><strong>Augustinus</strong></span> <span class='ocrx_word' id='word_1_5' title='bbox 344 479 417 542; x_wconf 86' lang='lat' dir='ltr'><strong>libr.</strong></span> <span class='ocrx_word' id='word_1_6' title='bbox 430 480 461 541; x_wconf 81' lang='lat'><strong>2.</strong></span> <span class='ocrx_word' id='word_1_7' title='bbox 474 482 597 542; x_wconf 87' lang='lat' dir='ltr'><strong>retract.</strong></span> <span class='ocrx_word' id='word_1_8' title='bbox 613 493 683 556; x_wconf 86' lang='lat' dir='ltr'><strong>cap.</strong></span> <span class='ocrx_word' id='word_1_9' title='bbox 700 477 731 539; x_wconf 83' lang='lat'><strong>⁵.</strong></span> <span class='ocrx_word' id='word_1_10' title='bbox 748 477 817 539; x_wconf 90' lang='lat' dir='ltr'><strong>etin</strong></span> <span class='ocrx_word' id='word_1_11' title='bbox 829 477 953 556; x_wconf 88' lang='lat' dir='ltr'><strong>epistol.</strong></span> <span class='ocrx_word' id='word_1_12' title='bbox 1002 493 1087 558; x_wconf 87' lang='lat' dir='ltr'><strong>quoe</strong></span> <span class='ocrx_word' id='word_1_13' title='bbox 1104 477 1204 540; x_wconf 80' lang='lat' dir='ltr'><strong>sancei</strong></span> <span class='ocrx_word' id='word_1_14' title='bbox 1224 479 1402 556; x_wconf 77' lang='grc' dir='ltr'>ιιιιιιιιιι</span> <span class='ocrx_word' id='word_1_15' title='bbox 1429 483 1637 560; x_wconf 69' lang='lat' dir='ltr'><em>possederat:</em></span> <span class='ocrx_word' id='word_1_16' title='bbox 1663 483 1775 550; x_wconf 82' lang='lat' dir='ltr'><strong>lt‘onnc</strong></span> <span class='ocrx_word' id='word_1_17' title='bbox 1789 490 1865 566; x_wconf 81' lang='lat' dir='ltr'><strong>plus</strong></span> 
     </span>
     <span class='ocr_line' id='line_1_3' title="bbox 88 557 1863 646; baseline 0.004 -20"><span class='ocrx_word' id='word_1_18' title='bbox 88 563 141 628; x_wconf 84' lang='lat' dir='ltr'><strong>ts.</strong></span> <span class='ocrx_word' id='word_1_19' title='bbox 155 569 187 630; x_wconf 89' lang='lat' dir='ltr'><strong>ot</strong></span> <span class='ocrx_word' id='word_1_20' title='bbox 200 560 252 624; x_wconf 80' lang='lat'><strong>50.</strong></span> <span class='ocrx_word' id='word_1_21' title='bbox 269 568 425 626; x_wconf 84' lang='lat' dir='ltr'><strong>retractat.</strong></span> <span class='ocrx_word' id='word_1_22' title='bbox 442 559 524 639; x_wconf 85' lang='lat' dir='ltr'><strong>quod</strong></span> <span class='ocrx_word' id='word_1_23' title='bbox 540 560 705 639; x_wconf 84' lang='lat' dir='ltr'><strong>aliquando</strong></span> <span class='ocrx_word' id='word_1_24' title='bbox 721 564 877 630; x_wconf 82' lang='lat' dir='ltr'><strong>senserat,</strong></span> <span class='ocrx_word' id='word_1_25' title='bbox 892 577 955 622; x_wconf 92' lang='lat' dir='ltr'><strong>non</strong></span> <span class='ocrx_word' id='word_1_26' title='bbox 1001 566 1047 622; x_wconf 88' lang='lat' dir='ltr'><strong>est</strong></span> <span class='ocrx_word' id='word_1_27' title='bbox 1059 557 1187 622; x_wconf 82' lang='lat' dir='ltr'><strong>sibimet</strong></span> <span class='ocrx_word' id='word_1_28' title='bbox 1200 559 1365 625; x_wconf 85' lang='lat' dir='ltr'><strong>bominem</strong></span> <span class='ocrx_word' id='word_1_29' title='bbox 1378 561 1515 644; x_wconf 65' lang='lat' dir='ltr'><strong>indicere</strong></span> <span class='ocrx_word' id='word_1_30' title='bbox 1529 580 1766 646; x_wconf 69' lang='lat' dir='ltr'><strong>mortuaguonx</strong></span> <span class='ocrx_word' id='word_1_31' title='bbox 1775 573 1813 635; x_wconf 86' lang='lat' dir='ltr'><strong>id</strong></span> <span class='ocrx_word' id='word_1_32' title='bbox 1827 575 1863 634; x_wconf 85' lang='grc' dir='ltr'><strong>ιι-</strong></span> 
     </span>
     <span class='ocr_line' id='line_1_4' title="bbox 86 640 1437 722; baseline -0.001 -14"><span class='ocrx_word' id='word_1_33' title='bbox 86 661 159 710; x_wconf 87' lang='lat' dir='ltr'><strong>esse</strong></span> <span class='ocrx_word' id='word_1_34' title='bbox 174 645 202 706; x_wconf 84' lang='lat' dir='ltr'><strong>xi</strong></span> <span class='ocrx_word' id='word_1_35' title='bbox 218 643 377 722; x_wconf 88' lang='lat' dir='ltr'><strong>cogendos</strong></span> <span class='ocrx_word' id='word_1_36' title='bbox 393 643 567 706; x_wconf 86' lang='lat' dir='ltr'><strong>lraerelicos</strong></span> <span class='ocrx_word' id='word_1_37' title='bbox 595 643 633 705; x_wconf 85' lang='lat' dir='ltr'><strong>ad</strong></span> <span class='ocrx_word' id='word_1_38' title='bbox 659 640 753 704; x_wconf 87' lang='lat' dir='ltr'><strong>iidem</strong></span> <span class='ocrx_word' id='word_1_39' title='bbox 767 689 775 716; x_wconf 91' lang='lat'><strong>,</strong></span> <span class='ocrx_word' id='word_1_40' title='bbox 806 648 837 704; x_wconf 86' lang='lat' dir='ltr'><strong>et</strong></span> <span class='ocrx_word' id='word_1_41' title='bbox 863 641 956 720; x_wconf 90' lang='lat' dir='ltr'><strong>proli·</strong></span> <span class='ocrx_word' id='word_1_42' title='bbox 1001 641 1113 706; x_wconf 85' lang='lat' dir='ltr'><strong>beuter</strong></span> <span class='ocrx_word' id='word_1_43' title='bbox 1127 641 1168 704; x_wconf 90' lang='lat' dir='ltr'><strong>ob</strong></span> <span class='ocrx_word' id='word_1_44' title='bbox 1183 643 1250 706; x_wconf 88' lang='lat' dir='ltr'><strong>ulio</strong></span> <span class='ocrx_word' id='word_1_45' title='bbox 1264 644 1437 710; x_wconf 85' lang='lat' dir='ltr'><strong>sustinere.</strong></span> 
     </span>
     <span class='ocr_line' id='line_1_5' title="bbox 85 723 1864 806; baseline 0.004 -16"><span class='ocrx_word' id='word_1_46' title='bbox 85 744 124 790; x_wconf 84' lang='lat' dir='ltr'><strong>xe</strong></span> <span class='ocrx_word' id='word_1_47' title='bbox 148 727 258 806; x_wconf 89' lang='lat' dir='ltr'><strong>prebat</strong></span> <span class='ocrx_word' id='word_1_48' title='bbox 273 727 302 786; x_wconf 92' lang='lat' dir='ltr'><strong>id</strong></span> <span class='ocrx_word' id='word_1_49' title='bbox 320 725 537 803; x_wconf 83' lang='lat' dir='ltr'><strong>utilissimum3</strong></span> <span class='ocrx_word' id='word_1_50' title='bbox 567 739 691 802; x_wconf 88' lang='lat' dir='ltr'><strong>semper</strong></span> <span class='ocrx_word' id='word_1_51' title='bbox 714 724 958 803; x_wconf 82' lang='lat' dir='ltr'><strong>tamenexeipit</strong></span> <span class='ocrx_word' id='word_1_52' title='bbox 1043 723 1190 788; x_wconf 75' lang='lat' dir='ltr'><strong>Probatur</strong></span> <span class='ocrx_word' id='word_1_53' title='bbox 1205 726 1445 790; x_wconf 90' lang='lat' dir='ltr'><strong>ultimerationo</strong></span> <span class='ocrx_word' id='word_1_54' title='bbox 1461 729 1604 792; x_wconf 88' lang='lat' dir='ltr'><strong>naturali.</strong></span> <span class='ocrx_word' id='word_1_55' title='bbox 1621 727 1734 794; x_wconf 87' lang='lat' dir='ltr'><strong>Primo:</strong></span> <span class='ocrx_word' id='word_1_56' title='bbox 1750 734 1864 799; x_wconf 87' lang='lat' dir='ltr'><strong>Haere-</strong></span> 
     </span>
     <span class='ocr_line' id='line_1_6' title="bbox 85 805 1864 890; baseline 0.004 -18"><span class='ocrx_word' id='word_1_57' title='bbox 85 809 276 890; x_wconf 84' lang='lat' dir='ltr'><strong>supplieium</strong></span> <span class='ocrx_word' id='word_1_58' title='bbox 291 809 400 870; x_wconf 90' lang='lat' dir='ltr'><strong>mortis</strong></span> <span class='ocrx_word' id='word_1_59' title='bbox 417 853 424 881; x_wconf 96' lang='lat'><strong>,</strong></span> <span class='ocrx_word' id='word_1_60' title='bbox 442 823 504 869; x_wconf 93' lang='lat' dir='ltr'><strong>non</strong></span> <span class='ocrx_word' id='word_1_61' title='bbox 527 806 609 886; x_wconf 88' lang='lat' dir='ltr'><strong>qnod</strong></span> <span class='ocrx_word' id='word_1_62' title='bbox 635 807 706 868; x_wconf 90' lang='lat' dir='ltr'><strong>illos</strong></span> <span class='ocrx_word' id='word_1_63' title='bbox 732 805 791 868; x_wconf 92' lang='lat' dir='ltr'><strong>boc</strong></span> <span class='ocrx_word' id='word_1_64' title='bbox 818 821 879 867; x_wconf 93' lang='lat' dir='ltr'><strong>non</strong></span> <span class='ocrx_word' id='word_1_65' title='bbox 893 821 955 868; x_wconf 82' lang='lat' dir='ltr'><strong>rnre·</strong></span> <span class='ocrx_word' id='word_1_66' title='bbox 1001 805 1053 867; x_wconf 91' lang='lat' dir='ltr'><strong>lici</strong></span> <span class='ocrx_word' id='word_1_67' title='bbox 1069 807 1332 870; x_wconf 85' lang='lat' dir='ltr'><strong>excommunicari</strong></span> <span class='ocrx_word' id='word_1_68' title='bbox 1340 809 1412 888; x_wconf 82' lang='lat' dir='ltr'><strong>jors</strong></span> <span class='ocrx_word' id='word_1_69' title='bbox 1426 815 1578 887; x_wconf 84' lang='lat' dir='ltr'><strong>possunt,</strong></span> <span class='ocrx_word' id='word_1_70' title='bbox 1593 816 1627 875; x_wconf 93' lang='lat' dir='ltr'><strong>ut</strong></span> <span class='ocrx_word' id='word_1_71' title='bbox 1641 828 1751 877; x_wconf 87' lang='lat' dir='ltr'><strong>omnes</strong></span> <span class='ocrx_word' id='word_1_72' title='bbox 1765 818 1864 880; x_wconf 68' lang='lat' dir='ltr'><strong>talend</strong></span> 
     </span>
     <span class='ocr_line' id='line_1_7' title="bbox 82 889 1863 980; baseline 0.004 -26"><span class='ocrx_word' id='word_1_73' title='bbox 82 895 146 956; x_wconf 91' lang='lat' dir='ltr'><strong>reri</strong></span> <span class='ocrx_word' id='word_1_74' title='bbox 163 895 302 970; x_wconf 89' lang='lat' dir='ltr'><strong>potaret,</strong></span> <span class='ocrx_word' id='word_1_75' title='bbox 319 891 374 953; x_wconf 93' lang='lat' dir='ltr'><strong>sed</strong></span> <span class='ocrx_word' id='word_1_76' title='bbox 391 897 454 952; x_wconf 91' lang='lat' dir='ltr'><strong>lum</strong></span> <span class='ocrx_word' id='word_1_77' title='bbox 470 891 539 966; x_wconf 85' lang='lat' dir='ltr'><strong>qnia</strong></span> <span class='ocrx_word' id='word_1_78' title='bbox 557 891 616 954; x_wconf 87' lang='lat' dir='ltr'><strong>boc</strong></span> <span class='ocrx_word' id='word_1_79' title='bbox 628 889 781 952; x_wconf 88' lang='lat' dir='ltr'><strong>dedecere</strong></span> <span class='ocrx_word' id='word_1_80' title='bbox 796 889 956 952; x_wconf 76' lang='lat' dir='ltr'><strong>Ecclesiae</strong></span> <span class='ocrx_word' id='word_1_81' title='bbox 1001 892 1061 963; x_wconf 92' lang='lat' dir='ltr'><strong>tur,</strong></span> <span class='ocrx_word' id='word_1_82' title='bbox 1079 904 1153 967; x_wconf 89' lang='lat' dir='ltr'><strong>ergo</strong></span> <span class='ocrx_word' id='word_1_83' title='bbox 1180 896 1211 950; x_wconf 90' lang='lat' dir='ltr'><strong>ol</strong></span> <span class='ocrx_word' id='word_1_84' title='bbox 1225 889 1339 951; x_wconf 90' lang='lat' dir='ltr'><strong>occidi.</strong></span> <span class='ocrx_word' id='word_1_85' title='bbox 1366 889 1516 954; x_wconf 74' lang='lat' dir='ltr'><strong>Probatur</strong></span> <span class='ocrx_word' id='word_1_86' title='bbox 1541 897 1778 980; x_wconf 77' lang='lat' dir='ltr'><strong>consequentia,</strong></span> <span class='ocrx_word' id='word_1_87' title='bbox 1793 901 1863 977; x_wconf 83' lang='lat' dir='ltr'><strong>quin</strong></span> 
     </span>
     <span class='ocr_line' id='line_1_8' title="bbox 82 971 1863 1056; baseline 0.006 -22"><span class='ocrx_word' id='word_1_88' title='bbox 82 972 354 1036; x_wconf 88' lang='lat' dir='ltr'><strong>mansuetudinem</strong></span> <span class='ocrx_word' id='word_1_89' title='bbox 370 971 576 1042; x_wconf 85' lang='lat' dir='ltr'><strong>existimabat,</strong></span> <span class='ocrx_word' id='word_1_90' title='bbox 600 976 663 1033; x_wconf 88' lang='lat' dir='ltr'><strong>inm</strong></span> <span class='ocrx_word' id='word_1_91' title='bbox 685 971 775 1034; x_wconf 91' lang='lat' dir='ltr'><strong>etiam</strong></span> <span class='ocrx_word' id='word_1_92' title='bbox 792 972 862 1050; x_wconf 88' lang='lat' dir='ltr'><strong>quia</strong></span> <span class='ocrx_word' id='word_1_93' title='bbox 879 986 955 1032; x_wconf 89' lang='lat' dir='ltr'><strong>non·</strong></span> <span class='ocrx_word' id='word_1_94' title='bbox 1001 971 1280 1035; x_wconf 78' lang='lat' dir='ltr'><strong>excommunicatio</strong></span> <span class='ocrx_word' id='word_1_95' title='bbox 1309 977 1357 1032; x_wconf 89' lang='lat' dir='ltr'><strong>cst</strong></span> <span class='ocrx_word' id='word_1_96' title='bbox 1386 973 1484 1052; x_wconf 87' lang='lat' dir='ltr'><strong>major</strong></span> <span class='ocrx_word' id='word_1_97' title='bbox 1511 989 1635 1054; x_wconf 85' lang='lat' dir='ltr'><strong>poena,</strong></span> <span class='ocrx_word' id='word_1_98' title='bbox 1660 995 1752 1056; x_wconf 86' lang='lat' dir='ltr'><strong>quarn</strong></span> <span class='ocrx_word' id='word_1_99' title='bbox 1778 998 1863 1046; x_wconf 88' lang='lat' dir='ltr'><strong>mors</strong></span> 
     </span>
     <span class='ocr_line' id='line_1_9' title="bbox 81 1053 1865 1132; baseline 0.006 -16"><span class='ocrx_word' id='word_1_100' title='bbox 81 1057 159 1118; x_wconf 92' lang='lat' dir='ltr'><strong>dum</strong></span> <span class='ocrx_word' id='word_1_101' title='bbox 174 1055 236 1116; x_wconf 92' lang='lat' dir='ltr'><strong>ulla</strong></span> <span class='ocrx_word' id='word_1_102' title='bbox 258 1053 398 1116; x_wconf 87' lang='lat' dir='ltr'><strong>exstabat</strong></span> <span class='ocrx_word' id='word_1_103' title='bbox 411 1054 462 1114; x_wconf 87' lang='lat' dir='ltr'><strong>lex</strong></span> <span class='ocrx_word' id='word_1_104' title='bbox 486 1055 730 1132; x_wconf 85' lang='lat' dir='ltr'><strong>imperatorum,</strong></span> <span class='ocrx_word' id='word_1_105' title='bbox 760 1071 819 1130; x_wconf 81' lang='lat' dir='ltr'><strong>oua</strong></span> <span class='ocrx_word' id='word_1_106' title='bbox 845 1053 955 1114; x_wconf 90' lang='lat' dir='ltr'><strong>baere-</strong></span> <span class='ocrx_word' id='word_1_107' title='bbox 1000 1054 1192 1131; x_wconf 89' lang='lat' dir='ltr'><strong>temporalis.</strong></span> <span class='ocrx_word' id='word_1_108' title='bbox 1210 1053 1401 1132; x_wconf 62' lang='lat' dir='ltr'><strong>Anguitinns</strong></span> <span class='ocrx_word' id='word_1_109' title='bbox 1423 1055 1478 1118; x_wconf 85' lang='lat' dir='ltr'><strong>lib.</strong></span> <span class='ocrx_word' id='word_1_110' title='bbox 1497 1057 1526 1117; x_wconf 91' lang='lat' dir='ltr'><strong>l.</strong></span> <span class='ocrx_word' id='word_1_111' title='bbox 1550 1065 1654 1121; x_wconf 91' lang='lat' dir='ltr'><strong>contra</strong></span> <span class='ocrx_word' id='word_1_112' title='bbox 1671 1061 1794 1126; x_wconf 85' lang='lat' dir='ltr'><strong>advers.</strong></span> <span class='ocrx_word' id='word_1_113' title='bbox 1819 1066 1865 1127; x_wconf 92' lang='lat' dir='ltr'><strong>le·</strong></span> 
     </span>
     <span class='ocr_line' id='line_1_10' title="bbox 81 1133 1864 1217; baseline 0.006 -17"><span class='ocrx_word' id='word_1_114' title='bbox 81 1138 135 1200; x_wconf 90' lang='lat' dir='ltr'><strong>tici</strong></span> <span class='ocrx_word' id='word_1_115' title='bbox 148 1136 334 1217; x_wconf 83' lang='lat' dir='ltr'><strong>juberentur</strong></span> <span class='ocrx_word' id='word_1_116' title='bbox 348 1135 465 1210; x_wconf 88' lang='lat' dir='ltr'><strong>oceidi;</strong></span> <span class='ocrx_word' id='word_1_117' title='bbox 483 1134 533 1196; x_wconf 90' lang='lat' dir='ltr'><strong>illa</strong></span> <span class='ocrx_word' id='word_1_118' title='bbox 550 1135 634 1198; x_wconf 90' lang='lat' dir='ltr'><strong>enirn</strong></span> <span class='ocrx_word' id='word_1_119' title='bbox 649 1135 710 1207; x_wconf 82' lang='lat' dir='ltr'><strong>lex,</strong></span> <span class='ocrx_word' id='word_1_120' title='bbox 730 1133 955 1214; x_wconf 78' lang='lat' dir='ltr'><strong>Quicumque,</strong></span> <span class='ocrx_word' id='word_1_121' title='bbox 1000 1135 1049 1212; x_wconf 89' lang='lat' dir='ltr'><strong>gis</strong></span> <span class='ocrx_word' id='word_1_122' title='bbox 1064 1140 1095 1196; x_wconf 90' lang='lat' dir='ltr'><strong>ct</strong></span> <span class='ocrx_word' id='word_1_123' title='bbox 1106 1136 1325 1212; x_wconf 86' lang='lat' dir='ltr'><strong>prophetarum</strong></span> <span class='ocrx_word' id='word_1_124' title='bbox 1341 1153 1410 1214; x_wconf 91' lang='lat' dir='ltr'><strong>cap.</strong></span> <span class='ocrx_word' id='word_1_125' title='bbox 1429 1137 1478 1200; x_wconf 87' lang='grc' dir='ltr'><strong>ιι.</strong></span> <span class='ocrx_word' id='word_1_126' title='bbox 1494 1137 1580 1214; x_wconf 87' lang='lat' dir='ltr'><strong>dicit,</strong></span> <span class='ocrx_word' id='word_1_127' title='bbox 1594 1140 1776 1207; x_wconf 79' lang='lat' dir='ltr'><strong>horribilius</strong></span> <span class='ocrx_word' id='word_1_128' title='bbox 1792 1163 1864 1210; x_wconf 87' lang='lat' dir='ltr'><strong>esso</strong></span> 
     </span>
     <span class='ocr_line' id='line_1_11' title="bbox 81 1217 1863 1308; baseline 0.005 -27"><span class='ocrx_word' id='word_1_129' title='bbox 81 1218 118 1282; x_wconf 81' lang='lat' dir='ltr'><strong>C.</strong></span> <span class='ocrx_word' id='word_1_130' title='bbox 142 1222 182 1282; x_wconf 88' lang='lat' dir='ltr'><strong>de</strong></span> <span class='ocrx_word' id='word_1_131' title='bbox 203 1217 397 1292; x_wconf 72' lang='lat' dir='ltr'><strong>baeretisis,</strong></span> <span class='ocrx_word' id='word_1_132' title='bbox 421 1217 512 1296; x_wconf 86' lang='lat' dir='ltr'><strong>paule</strong></span> <span class='ocrx_word' id='word_1_133' title='bbox 536 1223 606 1295; x_wconf 90' lang='lat' dir='ltr'><strong>post</strong></span> <span class='ocrx_word' id='word_1_134' title='bbox 634 1222 765 1280; x_wconf 84' lang='lat' dir='ltr'><strong>mortem</strong></span> <span class='ocrx_word' id='word_1_135' title='bbox 792 1217 954 1296; x_wconf 75' lang='lat' dir='ltr'><strong>Augustini</strong></span> <span class='ocrx_word' id='word_1_136' title='bbox 1000 1218 1238 1279; x_wconf 85' lang='lat' dir='ltr'><strong>lradlSatanae</strong></span> <span class='ocrx_word' id='word_1_137' title='bbox 1268 1233 1324 1296; x_wconf 91' lang='lat' dir='ltr'><strong>per</strong></span> <span class='ocrx_word' id='word_1_138' title='bbox 1353 1222 1732 1300; x_wconf 78' lang='lat' dir='ltr'><strong>excommunicationem,</strong></span> <span class='ocrx_word' id='word_1_139' title='bbox 1769 1246 1863 1308; x_wconf 85' lang='lat' dir='ltr'><strong>quarn</strong></span> 
     </span>
     <span class='ocr_line' id='line_1_12' title="bbox 80 1299 1866 1390; baseline 0.006 -27"><span class='ocrx_word' id='word_1_140' title='bbox 80 1301 143 1363; x_wconf 90' lang='lat' dir='ltr'><strong>lata</strong></span> <span class='ocrx_word' id='word_1_141' title='bbox 157 1307 217 1363; x_wconf 89' lang='lat' dir='ltr'><strong>cst.</strong></span> <span class='ocrx_word' id='word_1_142' title='bbox 999 1299 1103 1375; x_wconf 90' lang='lat' dir='ltr'><strong>gladio</strong></span> <span class='ocrx_word' id='word_1_143' title='bbox 1120 1299 1204 1361; x_wconf 87' lang='lat' dir='ltr'><strong>lerini</strong></span> <span class='ocrx_word' id='word_1_144' title='bbox 1220 1347 1227 1374; x_wconf 93' lang='lat'><strong>‚</strong></span> <span class='ocrx_word' id='word_1_145' title='bbox 1250 1299 1385 1362; x_wconf 83' lang='lat' dir='ltr'><strong>dammis</strong></span> <span class='ocrx_word' id='word_1_146' title='bbox 1400 1301 1520 1365; x_wconf 86' lang='lat' dir='ltr'><strong>absumi</strong></span> <span class='ocrx_word' id='word_1_147' title='bbox 1539 1349 1547 1380; x_wconf 90' lang='lat'><strong>,</strong></span> <span class='ocrx_word' id='word_1_148' title='bbox 1570 1299 1682 1368; x_wconf 81' lang='lat' dir='ltr'><strong>ferisve</strong></span> <span class='ocrx_word' id='word_1_149' title='bbox 1697 1307 1814 1390; x_wconf 87' lang='lat' dir='ltr'><strong>subjici</strong></span> <span class='ocrx_word' id='word_1_150' title='bbox 1828 1313 1866 1374; x_wconf 88' lang='lat' dir='ltr'><strong>nd</strong></span> 
     </span>
    </p>

    <p class='ocr_par' dir='ltr' id='par_1_3' title="bbox 73 1379 1866 2946">
     <span class='ocr_line' id='line_1_13' title="bbox 124 1379 1223 1460; baseline -0.004 -14"><span class='ocrx_word' id='word_1_151' title='bbox 124 1383 211 1458; x_wconf 86' lang='lat' dir='ltr'><strong>Quod</strong></span> <span class='ocrx_word' id='word_1_152' title='bbox 231 1386 333 1443; x_wconf 89' lang='lat' dir='ltr'><strong>autern</strong></span> <span class='ocrx_word' id='word_1_153' title='bbox 348 1379 535 1460; x_wconf 72' lang='lat' dir='ltr'><strong>Augustinus</strong></span> <span class='ocrx_word' id='word_1_154' title='bbox 561 1379 806 1454; x_wconf 73' lang='lat' dir='ltr'><strong>existimaverit,</strong></span> <span class='ocrx_word' id='word_1_155' title='bbox 835 1379 954 1460; x_wconf 85' lang='lat' dir='ltr'><strong>justum</strong></span> <span class='ocrx_word' id='word_1_156' title='bbox 1000 1381 1223 1443; x_wconf 79' lang='lat' dir='ltr'><strong>deuorandum.</strong></span> 
     </span>
     <span class='ocr_line' id='line_1_14' title="bbox 80 1461 1864 1556; baseline 0.003 -27"><span class='ocrx_word' id='word_1_157' title='bbox 80 1480 167 1541; x_wconf 91' lang='lat' dir='ltr'><strong>esse,</strong></span> <span class='ocrx_word' id='word_1_158' title='bbox 184 1464 210 1526; x_wconf 89' lang='lat' dir='ltr'><strong>si</strong></span> <span class='ocrx_word' id='word_1_159' title='bbox 227 1463 373 1526; x_wconf 86' lang='lat' dir='ltr'><strong>baeretici</strong></span> <span class='ocrx_word' id='word_1_160' title='bbox 388 1463 625 1532; x_wconf 83' lang='lat' dir='ltr'><strong>occiderentur,</strong></span> <span class='ocrx_word' id='word_1_161' title='bbox 653 1461 854 1541; x_wconf 85' lang='lat' dir='ltr'><strong>perspicuum</strong></span> <span class='ocrx_word' id='word_1_162' title='bbox 880 1469 928 1524; x_wconf 91' lang='lat' dir='ltr'><strong>est</strong></span> <span class='ocrx_word' id='word_1_163' title='bbox 944 1481 953 1538; x_wconf 82' lang='lat'>3</span> <span class='ocrx_word' id='word_1_164' title='bbox 1040 1461 1197 1525; x_wconf 89' lang='lat' dir='ltr'><strong>Secundo:</strong></span> <span class='ocrx_word' id='word_1_165' title='bbox 1212 1462 1408 1541; x_wconf 85' lang='lat' dir='ltr'><strong>Experienlia</strong></span> <span class='ocrx_word' id='word_1_166' title='bbox 1424 1465 1525 1539; x_wconf 90' lang='lat' dir='ltr'><strong>docel,</strong></span> <span class='ocrx_word' id='word_1_167' title='bbox 1541 1483 1603 1530; x_wconf 89' lang='lat' dir='ltr'><strong>non</strong></span> <span class='ocrx_word' id='word_1_168' title='bbox 1625 1484 1696 1532; x_wconf 87' lang='lat' dir='ltr'><strong>esse</strong></span> <span class='ocrx_word' id='word_1_169' title='bbox 1717 1471 1800 1535; x_wconf 88' lang='lat' dir='ltr'><strong>aliod</strong></span> <span class='ocrx_word' id='word_1_170' title='bbox 1817 1489 1864 1556; x_wconf 75' lang='lat' dir='ltr'><strong>re·</strong></span> 
     </span>
     <span class='ocr_line' id='line_1_15' title="bbox 82 1541 1864 1633; baseline 0.006 -25"><span class='ocrx_word' id='word_1_171' title='bbox 82 1546 268 1609; x_wconf 84' lang='lat' dir='ltr'><strong>namlib.l.</strong></span> <span class='ocrx_word' id='word_1_172' title='bbox 293 1552 398 1609; x_wconf 87' lang='lat' dir='ltr'><strong>contra</strong></span> <span class='ocrx_word' id='word_1_173' title='bbox 424 1541 590 1623; x_wconf 84' lang='lat' dir='ltr'><strong>epistolam</strong></span> <span class='ocrx_word' id='word_1_174' title='bbox 617 1545 811 1606; x_wconf 83' lang='lat' dir='ltr'><strong>Parmenioni</strong></span> <span class='ocrx_word' id='word_1_175' title='bbox 836 1561 905 1623; x_wconf 87' lang='lat' dir='ltr'><strong>cap.</strong></span> <span class='ocrx_word' id='word_1_176' title='bbox 923 1544 953 1606; x_wconf 88' lang='lat' dir='ltr'><strong>l.</strong></span> <span class='ocrx_word' id='word_1_177' title='bbox 998 1546 1155 1622; x_wconf 84' lang='lat' dir='ltr'><strong>medinm3</strong></span> <span class='ocrx_word' id='word_1_178' title='bbox 1179 1562 1249 1606; x_wconf 91' lang='lat' dir='ltr'><strong>nam</strong></span> <span class='ocrx_word' id='word_1_179' title='bbox 1271 1545 1410 1608; x_wconf 75' lang='lat' dir='ltr'><strong>Ecclesia</strong></span> <span class='ocrx_word' id='word_1_180' title='bbox 1437 1548 1584 1626; x_wconf 87' lang='lat' dir='ltr'><strong>paulatim</strong></span> <span class='ocrx_word' id='word_1_181' title='bbox 1609 1563 1773 1631; x_wconf 83' lang='lat' dir='ltr'><strong>progressa</strong></span> <span class='ocrx_word' id='word_1_182' title='bbox 1804 1564 1864 1633; x_wconf 88' lang='lat' dir='ltr'><strong>est,</strong></span> 
     </span>
     <span class='ocr_line' id='line_1_16' title="bbox 79 1625 1866 1709; baseline 0.006 -19"><span class='ocrx_word' id='word_1_183' title='bbox 79 1630 229 1700; x_wconf 90' lang='lat' dir='ltr'><strong>ostendit,</strong></span> <span class='ocrx_word' id='word_1_184' title='bbox 246 1627 329 1707; x_wconf 84' lang='lat' dir='ltr'><strong>quod</strong></span> <span class='ocrx_word' id='word_1_185' title='bbox 345 1627 370 1690; x_wconf 89' lang='lat' dir='ltr'><strong>si</strong></span> <span class='ocrx_word' id='word_1_186' title='bbox 384 1633 567 1704; x_wconf 87' lang='lat' dir='ltr'><strong>punirentur</strong></span> <span class='ocrx_word' id='word_1_187' title='bbox 582 1633 680 1689; x_wconf 91' lang='lat' dir='ltr'><strong>morte</strong></span> <span class='ocrx_word' id='word_1_188' title='bbox 702 1625 889 1698; x_wconf 74' lang='lat' dir='ltr'><strong>linostimas,</strong></span> <span class='ocrx_word' id='word_1_189' title='bbox 903 1627 954 1706; x_wconf 87' lang='lat' dir='ltr'><strong>jn·</strong></span> <span class='ocrx_word' id='word_1_190' title='bbox 999 1633 1028 1688; x_wconf 90' lang='lat' dir='ltr'><strong>et</strong></span> <span class='ocrx_word' id='word_1_191' title='bbox 1041 1627 1142 1688; x_wconf 89' lang='lat' dir='ltr'><strong>omnia</strong></span> <span class='ocrx_word' id='word_1_192' title='bbox 1159 1627 1295 1689; x_wconf 89' lang='lat' dir='ltr'><strong>remedia</strong></span> <span class='ocrx_word' id='word_1_193' title='bbox 1319 1635 1443 1706; x_wconf 87' lang='lat' dir='ltr'><strong>experta</strong></span> <span class='ocrx_word' id='word_1_194' title='bbox 1462 1648 1471 1706; x_wconf 88' lang='lat'><strong>;</strong></span> <span class='ocrx_word' id='word_1_195' title='bbox 1494 1632 1593 1709; x_wconf 89' lang='lat' dir='ltr'><strong>primo</strong></span> <span class='ocrx_word' id='word_1_196' title='bbox 1616 1635 1719 1696; x_wconf 91' lang='lat' dir='ltr'><strong>solnm</strong></span> <span class='ocrx_word' id='word_1_197' title='bbox 1742 1652 1866 1702; x_wconf 88' lang='lat' dir='ltr'><strong>excom·</strong></span> 
     </span>
     <span class='ocr_line' id='line_1_17' title="bbox 78 1708 1865 1794; baseline 0.006 -22"><span class='ocrx_word' id='word_1_198' title='bbox 78 1716 131 1774; x_wconf 88' lang='lat' dir='ltr'><strong>ste</strong></span> <span class='ocrx_word' id='word_1_199' title='bbox 146 1709 341 1789; x_wconf 82' lang='lat' dir='ltr'><strong>punirentur.</strong></span> <span class='ocrx_word' id='word_1_200' title='bbox 366 1710 403 1769; x_wconf 82' lang='grc' dir='ltr'><strong>ιιι</strong></span> <span class='ocrx_word' id='word_1_201' title='bbox 426 1715 512 1772; x_wconf 85' lang='grc' dir='ltr'>ιιιιι.</span> <span class='ocrx_word' id='word_1_202' title='bbox 530 1710 579 1770; x_wconf 91' lang='grc' dir='ltr'><strong>ιι.</strong></span> <span class='ocrx_word' id='word_1_203' title='bbox 597 1709 627 1770; x_wconf 88' lang='lat' dir='ltr'><strong>in</strong></span> <span class='ocrx_word' id='word_1_204' title='bbox 654 1708 743 1770; x_wconf 80' lang='lat' dir='ltr'><strong>ioan.</strong></span> <span class='ocrx_word' id='word_1_205' title='bbox 769 1708 950 1782; x_wconf 73' lang='lat' dir='ltr'><strong>Peccatori,</strong></span> <span class='ocrx_word' id='word_1_206' title='bbox 998 1710 1187 1785; x_wconf 84' lang='lat' dir='ltr'><strong>rnunlcobat3</strong></span> <span class='ocrx_word' id='word_1_207' title='bbox 1212 1709 1456 1772; x_wconf 88' lang='lat' dir='ltr'><strong>deindeaddidit</strong></span> <span class='ocrx_word' id='word_1_208' title='bbox 1471 1711 1616 1776; x_wconf 89' lang='lat' dir='ltr'><strong>mulctam</strong></span> <span class='ocrx_word' id='word_1_209' title='bbox 1640 1717 1865 1794; x_wconf 90' lang='lat' dir='ltr'><strong>pecuniariam,</strong></span> 
     </span>
     <span class='ocr_line' id='line_1_18' title="bbox 76 1789 1864 1872; baseline 0.007 -18"><span class='ocrx_word' id='word_1_210' title='bbox 76 1789 192 1872; x_wconf 84' lang='lat' dir='ltr'><strong>lnquit,</strong></span> <span class='ocrx_word' id='word_1_211' title='bbox 209 1793 352 1864; x_wconf 80' lang='lat' dir='ltr'><strong>animos,</strong></span> <span class='ocrx_word' id='word_1_212' title='bbox 370 1791 563 1871; x_wconf 77' lang='lat' dir='ltr'><strong>affliguntur·</strong></span> <span class='ocrx_word' id='word_1_213' title='bbox 575 1792 614 1853; x_wconf 87' lang='lat' dir='ltr'><strong>in</strong></span> <span class='ocrx_word' id='word_1_214' title='bbox 628 1807 773 1868; x_wconf 86' lang='lat' dir='ltr'><strong>corpore,</strong></span> <span class='ocrx_word' id='word_1_215' title='bbox 786 1792 952 1869; x_wconf 84' lang='lat' dir='ltr'><strong>sempiter·</strong></span> <span class='ocrx_word' id='word_1_216' title='bbox 998 1795 1061 1852; x_wconf 87' lang='lat' dir='ltr'><strong>turn</strong></span> <span class='ocrx_word' id='word_1_217' title='bbox 1085 1791 1233 1868; x_wconf 75' lang='lat' dir='ltr'><strong>exilinm3</strong></span> <span class='ocrx_word' id='word_1_218' title='bbox 1258 1792 1378 1868; x_wconf 89' lang='lat' dir='ltr'><strong>ultimo,</strong></span> <span class='ocrx_word' id='word_1_219' title='bbox 1396 1801 1501 1856; x_wconf 89' lang='lat' dir='ltr'><strong>ceneta</strong></span> <span class='ocrx_word' id='word_1_220' title='bbox 1517 1797 1614 1858; x_wconf 90' lang='lat' dir='ltr'><strong>estad</strong></span> <span class='ocrx_word' id='word_1_221' title='bbox 1629 1806 1758 1862; x_wconf 88' lang='lat' dir='ltr'><strong>mortem</strong></span> <span class='ocrx_word' id='word_1_222' title='bbox 1780 1805 1864 1866; x_wconf 86' lang='lat' dir='ltr'><strong>ueni·</strong></span> 
     </span>
     <span class='ocr_line' id='line_1_19' title="bbox 77 1872 1863 1952; baseline 0.006 -14"><span class='ocrx_word' id='word_1_223' title='bbox 77 1889 145 1938; x_wconf 84' lang='lat' dir='ltr'><strong>noa</strong></span> <span class='ocrx_word' id='word_1_224' title='bbox 158 1879 275 1938; x_wconf 87' lang='lat' dir='ltr'><strong>mortes</strong></span> <span class='ocrx_word' id='word_1_225' title='bbox 304 1873 458 1950; x_wconf 72' lang='lat' dir='ltr'><strong>iaciunt,</strong></span> <span class='ocrx_word' id='word_1_226' title='bbox 487 1880 516 1936; x_wconf 89' lang='lat' dir='ltr'><strong>et</strong></span> <span class='ocrx_word' id='word_1_227' title='bbox 542 1874 735 1951; x_wconf 86' lang='lat' dir='ltr'><strong>temporales</strong></span> <span class='ocrx_word' id='word_1_228' title='bbox 762 1889 796 1935; x_wconf 86' lang='lat' dir='ltr'><strong>so</strong></span> <span class='ocrx_word' id='word_1_229' title='bbox 824 1872 953 1952; x_wconf 82' lang='lat' dir='ltr'><strong>perpeti</strong></span> <span class='ocrx_word' id='word_1_230' title='bbox 996 1873 1136 1949; x_wconf 81' lang='lat' dir='ltr'><strong>rc3linm</strong></span> <span class='ocrx_word' id='word_1_231' title='bbox 1151 1875 1506 1938; x_wconf 86' lang='lat' dir='ltr'><strong>excommunicationem</strong></span> <span class='ocrx_word' id='word_1_232' title='bbox 1528 1884 1733 1944; x_wconf 87' lang='lat' dir='ltr'><strong>contemnunt</strong></span> <span class='ocrx_word' id='word_1_233' title='bbox 1757 1883 1863 1948; x_wconf 89' lang='lat' dir='ltr'><strong>haere·</strong></span> 
     </span>
     <span class='ocr_line' id='line_1_20' title="bbox 78 1951 1862 2038; baseline 0.006 -20"><span class='ocrx_word' id='word_1_234' title='bbox 78 1961 329 2037; x_wconf 76' lang='lat' dir='ltr'><strong>conqueruntur</strong></span> <span class='ocrx_word' id='word_1_235' title='bbox 356 1961 415 2017; x_wconf 89' lang='lat' dir='ltr'><strong>etc.</strong></span> <span class='ocrx_word' id='word_1_236' title='bbox 442 1955 498 2017; x_wconf 92' lang='lat' dir='ltr'><strong>ubi</strong></span> <span class='ocrx_word' id='word_1_237' title='bbox 520 1955 595 2017; x_wconf 87' lang='lat' dir='ltr'><strong>dicit</strong></span> <span class='ocrx_word' id='word_1_238' title='bbox 610 1955 688 2018; x_wconf 85' lang='lat' dir='ltr'><strong>l&#39;also</strong></span> <span class='ocrx_word' id='word_1_239' title='bbox 703 1955 774 2017; x_wconf 91' lang='lat' dir='ltr'><strong>illos</strong></span> <span class='ocrx_word' id='word_1_240' title='bbox 789 1957 950 2034; x_wconf 85' lang='lat' dir='ltr'><strong>conqueri,</strong></span> <span class='ocrx_word' id='word_1_241' title='bbox 996 1951 1060 2028; x_wconf 89' lang='lat' dir='ltr'><strong>tici,</strong></span> <span class='ocrx_word' id='word_1_242' title='bbox 1084 1957 1252 2019; x_wconf 88' lang='lat' dir='ltr'><strong>nedicunt</strong></span> <span class='ocrx_word' id='word_1_243' title='bbox 1276 1972 1347 2018; x_wconf 87' lang='lat' dir='ltr'><strong>esse</strong></span> <span class='ocrx_word' id='word_1_244' title='bbox 1374 1955 1500 2020; x_wconf 83' lang='lat' dir='ltr'><strong>irrlrnina</strong></span> <span class='ocrx_word' id='word_1_245' title='bbox 1522 1957 1648 2038; x_wconf 69' lang='lat' dir='ltr'><strong>frigidm</strong></span> <span class='ocrx_word' id='word_1_246' title='bbox 1679 1965 1716 2024; x_wconf 84' lang='lat' dir='ltr'><strong>si.</strong></span> <span class='ocrx_word' id='word_1_247' title='bbox 1732 1966 1862 2028; x_wconf 90' lang='lat' dir='ltr'><strong>mineris</strong></span> 
     </span>
     <span class='ocr_line' id='line_1_21' title="bbox 77 2037 1862 2120; baseline 0.006 -20"><span class='ocrx_word' id='word_1_248' title='bbox 77 2042 164 2116; x_wconf 85' lang='lat' dir='ltr'><strong>nand</strong></span> <span class='ocrx_word' id='word_1_249' title='bbox 177 2041 396 2102; x_wconf 88' lang='lat' dir='ltr'><strong>occiderentur</strong></span> <span class='ocrx_word' id='word_1_250' title='bbox 413 2037 451 2099; x_wconf 90' lang='lat' dir='ltr'><strong>ab</strong></span> <span class='ocrx_word' id='word_1_251' title='bbox 466 2038 705 2116; x_wconf 84' lang='lat' dir='ltr'><strong>imperatoribus</strong></span> <span class='ocrx_word' id='word_1_252' title='bbox 722 2055 730 2098; x_wconf 76' lang='grc' dir='ltr'>ε</span> <span class='ocrx_word' id='word_1_253' title='bbox 751 2045 850 2100; x_wconf 89' lang='lat' dir='ltr'><strong>tamen</strong></span> <span class='ocrx_word' id='word_1_254' title='bbox 867 2038 893 2100; x_wconf 93' lang='lat' dir='ltr'><strong>si</strong></span> <span class='ocrx_word' id='word_1_255' title='bbox 909 2045 953 2101; x_wconf 90' lang='lat' dir='ltr'><strong>et·</strong></span> <span class='ocrx_word' id='word_1_256' title='bbox 995 2039 1141 2099; x_wconf 85' lang='lat' dir='ltr'><strong>mulctam</strong></span> <span class='ocrx_word' id='word_1_257' title='bbox 1155 2038 1375 2117; x_wconf 88' lang='lat' dir='ltr'><strong>pecuniariam,</strong></span> <span class='ocrx_word' id='word_1_258' title='bbox 1395 2055 1453 2102; x_wconf 88' lang='lat' dir='ltr'><strong>nee</strong></span> <span class='ocrx_word' id='word_1_259' title='bbox 1474 2039 1572 2103; x_wconf 88' lang='lat' dir='ltr'><strong>ileum</strong></span> <span class='ocrx_word' id='word_1_260' title='bbox 1590 2043 1709 2120; x_wconf 90' lang='lat' dir='ltr'><strong>timent,</strong></span> <span class='ocrx_word' id='word_1_261' title='bbox 1735 2063 1793 2109; x_wconf 88' lang='lat' dir='ltr'><strong>nec</strong></span> <span class='ocrx_word' id='word_1_262' title='bbox 1809 2049 1862 2112; x_wconf 93' lang='lat' dir='ltr'><strong>bo·</strong></span> 
     </span>
     <span class='ocr_line' id='line_1_22' title="bbox 75 2119 1859 2203; baseline 0.006 -22"><span class='ocrx_word' id='word_1_263' title='bbox 75 2120 140 2182; x_wconf 91' lang='lat' dir='ltr'><strong>lam</strong></span> <span class='ocrx_word' id='word_1_264' title='bbox 162 2137 267 2184; x_wconf 83' lang='lat' dir='ltr'><strong>rerum</strong></span> <span class='ocrx_word' id='word_1_265' title='bbox 285 2126 392 2190; x_wconf 88' lang='lat' dir='ltr'><strong>essct,</strong></span> <span class='ocrx_word' id='word_1_266' title='bbox 421 2119 522 2182; x_wconf 85' lang='lat' dir='ltr'><strong>adbuc</strong></span> <span class='ocrx_word' id='word_1_267' title='bbox 537 2120 654 2198; x_wconf 85' lang='lat' dir='ltr'><strong>irxjrrste</strong></span> <span class='ocrx_word' id='word_1_268' title='bbox 670 2125 949 2197; x_wconf 82' lang='lat' dir='ltr'><strong>conquererentur.</strong></span> <span class='ocrx_word' id='word_1_269' title='bbox 996 2120 1096 2182; x_wconf 88' lang='lat' dir='ltr'><strong>mines</strong></span> <span class='ocrx_word' id='word_1_270' title='bbox 1111 2128 1303 2192; x_wconf 85' lang='lat' dir='ltr'><strong>reverentur,</strong></span> <span class='ocrx_word' id='word_1_271' title='bbox 1319 2121 1456 2184; x_wconf 86' lang='lat' dir='ltr'><strong>seientes</strong></span> <span class='ocrx_word' id='word_1_272' title='bbox 1470 2139 1531 2184; x_wconf 94' lang='lat' dir='ltr'><strong>non</strong></span> <span class='ocrx_word' id='word_1_273' title='bbox 1548 2125 1709 2190; x_wconf 88' lang='lat' dir='ltr'><strong>delaturos</strong></span> <span class='ocrx_word' id='word_1_274' title='bbox 1725 2130 1859 2203; x_wconf 84' lang='lat' dir='ltr'><strong>stultos,</strong></span> 
     </span>
     <span class='ocr_line' id='line_1_23' title="bbox 75 2201 1858 2282; baseline 0.007 -20"><span class='ocrx_word' id='word_1_275' title='bbox 75 2201 220 2282; x_wconf 85' lang='lat' dir='ltr'><strong>benique</strong></span> <span class='ocrx_word' id='word_1_276' title='bbox 236 2201 266 2264; x_wconf 94' lang='lat' dir='ltr'><strong>in</strong></span> <span class='ocrx_word' id='word_1_277' title='bbox 283 2203 377 2280; x_wconf 88' lang='lat' dir='ltr'><strong>epist.</strong></span> <span class='ocrx_word' id='word_1_278' title='bbox 393 2201 445 2264; x_wconf 75' lang='lat' dir='ltr'><strong>sil.</strong></span> <span class='ocrx_word' id='word_1_279' title='bbox 462 2203 498 2264; x_wconf 90' lang='lat' dir='ltr'><strong>ad</strong></span> <span class='ocrx_word' id='word_1_280' title='bbox 515 2201 703 2264; x_wconf 87' lang='lat' dir='ltr'><strong>Borrilncium</strong></span> <span class='ocrx_word' id='word_1_281' title='bbox 721 2204 816 2276; x_wconf 78' lang='lat' dir='ltr'><strong>dieit3</strong></span> <span class='ocrx_word' id='word_1_282' title='bbox 844 2202 951 2266; x_wconf 81' lang='lat' dir='ltr'><strong>lisele·</strong></span> <span class='ocrx_word' id='word_1_283' title='bbox 995 2201 1048 2279; x_wconf 82' lang='lat' dir='ltr'><strong>oui</strong></span> <span class='ocrx_word' id='word_1_284' title='bbox 1063 2203 1317 2275; x_wconf 84' lang='lat' dir='ltr'><strong>illiseredant,el</strong></span> <span class='ocrx_word' id='word_1_285' title='bbox 1332 2221 1348 2263; x_wconf 89' lang='lat' dir='ltr'><strong>a</strong></span> <span class='ocrx_word' id='word_1_286' title='bbox 1363 2205 1478 2281; x_wconf 83' lang='lat' dir='ltr'><strong>onibus</strong></span> <span class='ocrx_word' id='word_1_287' title='bbox 1493 2206 1624 2268; x_wconf 88' lang='lat' dir='ltr'><strong>alantur.</strong></span> <span class='ocrx_word' id='word_1_288' title='bbox 1638 2209 1668 2270; x_wconf 88' lang='lat' dir='ltr'><strong>Si</strong></span> <span class='ocrx_word' id='word_1_289' title='bbox 1686 2210 1716 2270; x_wconf 91' lang='lat' dir='ltr'><strong>in</strong></span> <span class='ocrx_word' id='word_1_290' title='bbox 1733 2227 1858 2274; x_wconf 88' lang='lat' dir='ltr'><strong>carcerc</strong></span> 
     </span>
     <span class='ocr_line' id='line_1_24' title="bbox 75 2284 1862 2372; baseline 0.006 -28"><span class='ocrx_word' id='word_1_291' title='bbox 75 2284 157 2346; x_wconf 90' lang='lat' dir='ltr'><strong>siam</strong></span> <span class='ocrx_word' id='word_1_292' title='bbox 174 2285 299 2363; x_wconf 84' lang='lat' dir='ltr'><strong>quidem</strong></span> <span class='ocrx_word' id='word_1_293' title='bbox 315 2285 399 2346; x_wconf 87' lang='lat' dir='ltr'><strong>nolle</strong></span> <span class='ocrx_word' id='word_1_294' title='bbox 415 2284 512 2346; x_wconf 90' lang='lat' dir='ltr'><strong>ullum</strong></span> <span class='ocrx_word' id='word_1_295' title='bbox 526 2284 713 2346; x_wconf 88' lang='lat' dir='ltr'><strong>haereticum</strong></span> <span class='ocrx_word' id='word_1_296' title='bbox 730 2285 948 2358; x_wconf 90' lang='lat' dir='ltr'><strong>oeeidi,lamcn</strong></span> <span class='ocrx_word' id='word_1_297' title='bbox 994 2285 1185 2360; x_wconf 88' lang='lat' dir='ltr'><strong>concludas,</strong></span> <span class='ocrx_word' id='word_1_298' title='bbox 1216 2288 1265 2348; x_wconf 86' lang='lat' dir='ltr'><strong>rel</strong></span> <span class='ocrx_word' id='word_1_299' title='bbox 1286 2285 1318 2347; x_wconf 94' lang='lat' dir='ltr'><strong>in</strong></span> <span class='ocrx_word' id='word_1_300' title='bbox 1348 2287 1476 2348; x_wconf 87' lang='lat' dir='ltr'><strong>exilium</strong></span> <span class='ocrx_word' id='word_1_301' title='bbox 1503 2289 1627 2361; x_wconf 89' lang='lat' dir='ltr'><strong>mittas,</strong></span> <span class='ocrx_word' id='word_1_302' title='bbox 1658 2303 1862 2372; x_wconf 84' lang='lat' dir='ltr'><strong>corrumpunt</strong></span> 
     </span>
     <span class='ocr_line' id='line_1_25' title="bbox 76 2365 1861 2452; baseline 0.007 -26"><span class='ocrx_word' id='word_1_303' title='bbox 76 2367 285 2430; x_wconf 89' lang='lat' dir='ltr'><strong>sieutdomns</strong></span> <span class='ocrx_word' id='word_1_304' title='bbox 307 2365 402 2426; x_wconf 79' lang='lat' dir='ltr'><strong>Dauid</strong></span> <span class='ocrx_word' id='word_1_305' title='bbox 426 2381 487 2426; x_wconf 90' lang='lat' dir='ltr'><strong>nnn</strong></span> <span class='ocrx_word' id='word_1_306' title='bbox 512 2368 611 2445; x_wconf 88' lang='lat' dir='ltr'><strong>potuit</strong></span> <span class='ocrx_word' id='word_1_307' title='bbox 626 2366 741 2428; x_wconf 86' lang='lat' dir='ltr'><strong>babere</strong></span> <span class='ocrx_word' id='word_1_308' title='bbox 758 2383 865 2445; x_wconf 86' lang='lat' dir='ltr'><strong>pacem</strong></span> <span class='ocrx_word' id='word_1_309' title='bbox 890 2368 950 2430; x_wconf 89' lang='lat' dir='ltr'><strong>nisi</strong></span> <span class='ocrx_word' id='word_1_310' title='bbox 994 2367 1113 2428; x_wconf 86' lang='lat' dir='ltr'><strong>vicinos</strong></span> <span class='ocrx_word' id='word_1_311' title='bbox 1135 2368 1260 2441; x_wconf 86' lang='lat' dir='ltr'><strong>uerbis,</strong></span> <span class='ocrx_word' id='word_1_312' title='bbox 1292 2374 1322 2429; x_wconf 88' lang='lat' dir='ltr'><strong>cl</strong></span> <span class='ocrx_word' id='word_1_313' title='bbox 1348 2369 1441 2448; x_wconf 86' lang='lat' dir='ltr'><strong>longe</strong></span> <span class='ocrx_word' id='word_1_314' title='bbox 1462 2371 1582 2447; x_wconf 87' lang='lat' dir='ltr'><strong>positos</strong></span> <span class='ocrx_word' id='word_1_315' title='bbox 1597 2372 1697 2434; x_wconf 88' lang='lat' dir='ltr'><strong>libris.</strong></span> <span class='ocrx_word' id='word_1_316' title='bbox 1715 2373 1795 2452; x_wconf 83' lang='lat' dir='ltr'><strong>Ergo</strong></span> <span class='ocrx_word' id='word_1_317' title='bbox 1811 2391 1861 2438; x_wconf 78' lang='lat' dir='ltr'><strong>so·</strong></span> 
     </span>
     <span class='ocr_line' id='line_1_26' title="bbox 73 2447 1857 2526; baseline 0.007 -18"><span class='ocrx_word' id='word_1_318' title='bbox 73 2448 212 2511; x_wconf 77' lang='lat' dir='ltr'><strong>Absaion</strong></span> <span class='ocrx_word' id='word_1_319' title='bbox 228 2447 480 2526; x_wconf 83' lang='lat' dir='ltr'><strong>extingueretur,</strong></span> <span class='ocrx_word' id='word_1_320' title='bbox 504 2454 536 2510; x_wconf 90' lang='lat' dir='ltr'><strong>et</strong></span> <span class='ocrx_word' id='word_1_321' title='bbox 556 2449 650 2511; x_wconf 83' lang='lat' dir='ltr'><strong>Pavld</strong></span> <span class='ocrx_word' id='word_1_322' title='bbox 674 2463 749 2526; x_wconf 90' lang='lat' dir='ltr'><strong>pace</strong></span> <span class='ocrx_word' id='word_1_323' title='bbox 762 2450 850 2526; x_wconf 87' lang='lat' dir='ltr'><strong>regni</strong></span> <span class='ocrx_word' id='word_1_324' title='bbox 865 2465 949 2513; x_wconf 88' lang='lat' dir='ltr'><strong>moe·</strong></span> <span class='ocrx_word' id='word_1_325' title='bbox 994 2449 1057 2509; x_wconf 91' lang='lat' dir='ltr'><strong>lum</strong></span> <span class='ocrx_word' id='word_1_326' title='bbox 1069 2451 1244 2512; x_wconf 88' lang='lat' dir='ltr'><strong>remedium</strong></span> <span class='ocrx_word' id='word_1_327' title='bbox 1260 2455 1320 2526; x_wconf 86' lang='lat' dir='ltr'><strong>est,</strong></span> <span class='ocrx_word' id='word_1_328' title='bbox 1336 2452 1458 2514; x_wconf 90' lang='lat' dir='ltr'><strong>mittere</strong></span> <span class='ocrx_word' id='word_1_329' title='bbox 1474 2451 1545 2515; x_wconf 91' lang='lat' dir='ltr'><strong>illos</strong></span> <span class='ocrx_word' id='word_1_330' title='bbox 1562 2460 1678 2516; x_wconf 86' lang='lat' dir='ltr'><strong>mature</strong></span> <span class='ocrx_word' id='word_1_331' title='bbox 1707 2457 1737 2518; x_wconf 92' lang='lat' dir='ltr'><strong>in</strong></span> <span class='ocrx_word' id='word_1_332' title='bbox 1755 2459 1857 2520; x_wconf 88' lang='lat' dir='ltr'><strong>locum</strong></span> 
     </span>
     <span class='ocr_line' id='line_1_27' title="bbox 75 2527 1099 2594; baseline 0.002 -4"><span class='ocrx_word' id='word_1_333' title='bbox 75 2545 182 2592; x_wconf 88' lang='lat' dir='ltr'><strong>rorem</strong></span> <span class='ocrx_word' id='word_1_334' title='bbox 205 2530 312 2592; x_wconf 88' lang='lat' dir='ltr'><strong>mortis</strong></span> <span class='ocrx_word' id='word_1_335' title='bbox 328 2527 382 2590; x_wconf 89' lang='lat' dir='ltr'><strong>lilii</strong></span> <span class='ocrx_word' id='word_1_336' title='bbox 406 2531 585 2593; x_wconf 87' lang='lat' dir='ltr'><strong>consolatus</strong></span> <span class='ocrx_word' id='word_1_337' title='bbox 607 2537 676 2592; x_wconf 87' lang='lat' dir='ltr'><strong>est:</strong></span> <span class='ocrx_word' id='word_1_338' title='bbox 700 2531 745 2593; x_wconf 91' lang='lat' dir='ltr'><strong>sic</strong></span> <span class='ocrx_word' id='word_1_339' title='bbox 761 2547 832 2594; x_wconf 90' lang='lat' dir='ltr'><strong>eum</strong></span> <span class='ocrx_word' id='word_1_340' title='bbox 854 2549 891 2594; x_wconf 87' lang='lat' dir='ltr'><strong>ex</strong></span> <span class='ocrx_word' id='word_1_341' title='bbox 907 2533 949 2594; x_wconf 89' lang='lat' dir='ltr'><strong>le·</strong></span> <span class='ocrx_word' id='word_1_342' title='bbox 994 2547 1099 2593; x_wconf 90' lang='lat' dir='ltr'><strong>suum.</strong></span> 
     </span>
     <span class='ocr_line' id='line_1_28' title="bbox 73 2607 1859 2695; baseline 0.007 -22"><span class='ocrx_word' id='word_1_343' title='bbox 73 2612 170 2690; x_wconf 89' lang='lat' dir='ltr'><strong>gibus</strong></span> <span class='ocrx_word' id='word_1_344' title='bbox 183 2613 401 2690; x_wconf 87' lang='lat' dir='ltr'><strong>imperatorum</strong></span> <span class='ocrx_word' id='word_1_345' title='bbox 418 2619 523 2674; x_wconf 91' lang='lat' dir='ltr'><strong>eontra</strong></span> <span class='ocrx_word' id='word_1_346' title='bbox 540 2612 713 2674; x_wconf 86' lang='lat' dir='ltr'><strong>haereticos</strong></span> <span class='ocrx_word' id='word_1_347' title='bbox 728 2615 868 2690; x_wconf 84' lang='lat' dir='ltr'><strong>seqnitur</strong></span> <span class='ocrx_word' id='word_1_348' title='bbox 894 2615 948 2676; x_wconf 90' lang='lat' dir='ltr'><strong>oli·</strong></span> <span class='ocrx_word' id='word_1_349' title='bbox 1035 2613 1149 2676; x_wconf 87' lang='lat' dir='ltr'><strong>Tertio:</strong></span> <span class='ocrx_word' id='word_1_350' title='bbox 1167 2613 1292 2676; x_wconf 84' lang='lat' dir='ltr'><strong>Poisarii</strong></span> <span class='ocrx_word' id='word_1_351' title='bbox 1317 2607 1455 2677; x_wconf 87' lang='lat' dir='ltr'><strong>omniurn</strong></span> <span class='ocrx_word' id='word_1_352' title='bbox 1468 2614 1589 2695; x_wconf 89' lang='lat' dir='ltr'><strong>judicio</strong></span> <span class='ocrx_word' id='word_1_353' title='bbox 1603 2625 1763 2684; x_wconf 88' lang='lat' dir='ltr'><strong>merentur</strong></span> <span class='ocrx_word' id='word_1_354' title='bbox 1777 2638 1859 2686; x_wconf 63' lang='lat' dir='ltr'><strong>mor¹</strong></span> 
     </span>
     <span class='ocr_line' id='line_1_29' title="bbox 74 2693 1744 2772; baseline 0.003 -16"><span class='ocrx_word' id='word_1_355' title='bbox 74 2709 209 2772; x_wconf 82' lang='lat' dir='ltr'><strong>querum</strong></span> <span class='ocrx_word' id='word_1_356' title='bbox 232 2708 340 2767; x_wconf 91' lang='lat' dir='ltr'><strong>mors,</strong></span> <span class='ocrx_word' id='word_1_357' title='bbox 363 2693 537 2756; x_wconf 86' lang='lat' dir='ltr'><strong>Ecclesiam</strong></span> <span class='ocrx_word' id='word_1_358' title='bbox 560 2694 700 2756; x_wconf 90' lang='lat' dir='ltr'><strong>dolorem</strong></span> <span class='ocrx_word' id='word_1_359' title='bbox 724 2695 853 2757; x_wconf 85' lang='lat' dir='ltr'><strong>materni</strong></span> <span class='ocrx_word' id='word_1_360' title='bbox 883 2715 949 2760; x_wconf 91' lang='lat' dir='ltr'><strong>cnr·</strong></span> <span class='ocrx_word' id='word_1_361' title='bbox 995 2701 1114 2772; x_wconf 72' lang='lat' dir='ltr'><strong>temrnl</strong></span> <span class='ocrx_word' id='word_1_362' title='bbox 1128 2697 1277 2759; x_wconf 88' lang='lat' dir='ltr'><strong>baeretici</strong></span> <span class='ocrx_word' id='word_1_363' title='bbox 1291 2697 1406 2759; x_wconf 76' lang='lat' dir='ltr'><strong>falsarii</strong></span> <span class='ocrx_word' id='word_1_364' title='bbox 1422 2705 1495 2759; x_wconf 87' lang='lat' dir='ltr'><strong>sunt</strong></span> <span class='ocrx_word' id='word_1_365' title='bbox 1509 2698 1595 2762; x_wconf 84' lang='lat' dir='ltr'><strong>serbi</strong></span> <span class='ocrx_word' id='word_1_366' title='bbox 1612 2699 1680 2761; x_wconf 84' lang='lat' dir='ltr'><strong>ilci.</strong></span> <span class='ocrx_word' id='word_1_367' title='bbox 1741 2737 1744 2744; x_wconf 79' lang='lat'><strong>,</strong></span> 
     </span>
     <span class='ocr_line' id='line_1_30' title="bbox 75 2775 1858 2866; baseline 0.007 -30"><span class='ocrx_word' id='word_1_368' title='bbox 75 2775 128 2838; x_wconf 91' lang='lat' dir='ltr'><strong>dis</strong></span> <span class='ocrx_word' id='word_1_369' title='bbox 153 2776 253 2838; x_wconf 88' lang='lat' dir='ltr'><strong>lenire</strong></span> <span class='ocrx_word' id='word_1_370' title='bbox 281 2792 317 2836; x_wconf 90' lang='lat' dir='ltr'><strong>ac</strong></span> <span class='ocrx_word' id='word_1_371' title='bbox 339 2791 449 2838; x_wconf 86' lang='lat' dir='ltr'><strong>sanare</strong></span> <span class='ocrx_word' id='word_1_372' title='bbox 473 2781 623 2840; x_wconf 87' lang='lat' dir='ltr'><strong>lautorum</strong></span> <span class='ocrx_word' id='word_1_373' title='bbox 645 2775 828 2840; x_wconf 85' lang='lat' dir='ltr'><strong>liberatione</strong></span> <span class='ocrx_word' id='word_1_374' title='bbox 851 2795 948 2858; x_wconf 90' lang='lat' dir='ltr'><strong>pepo·</strong></span> <span class='ocrx_word' id='word_1_375' title='bbox 1034 2777 1172 2854; x_wconf 85' lang='lat' dir='ltr'><strong>Quarto:</strong></span> <span class='ocrx_word' id='word_1_376' title='bbox 1200 2778 1246 2840; x_wconf 83' lang='lat' dir='ltr'><strong>iix</strong></span> <span class='ocrx_word' id='word_1_377' title='bbox 1267 2778 1388 2840; x_wconf 90' lang='lat' dir='ltr'><strong>ratione</strong></span> <span class='ocrx_word' id='word_1_378' title='bbox 1410 2778 1573 2858; x_wconf 74' lang='lat' dir='ltr'><strong>Augustini</strong></span> <span class='ocrx_word' id='word_1_379' title='bbox 1600 2782 1692 2860; x_wconf 87' lang='lat' dir='ltr'><strong>epist.</strong></span> <span class='ocrx_word' id='word_1_380' title='bbox 1720 2779 1773 2847; x_wconf 67' lang='lat' dir='ltr'><strong>en,</strong></span> <span class='ocrx_word' id='word_1_381' title='bbox 1790 2803 1858 2866; x_wconf 84' lang='lat' dir='ltr'><strong>gra·</strong></span> 
     </span>
     <span class='ocr_line' id='line_1_31' title="bbox 74 2857 1860 2946; baseline 0.007 -28"><span class='ocrx_word' id='word_1_382' title='bbox 74 2858 195 2922; x_wconf 88' lang='lat' dir='ltr'><strong>iorum.&#39;</strong></span> <span class='ocrx_word' id='word_1_383' title='bbox 893 2905 896 2914; x_wconf 86' lang='lat'><strong>.</strong></span> <span class='ocrx_word' id='word_1_384' title='bbox 993 2857 1060 2921; x_wconf 84' lang='lat' dir='ltr'><strong>rins</strong></span> <span class='ocrx_word' id='word_1_385' title='bbox 1076 2866 1124 2922; x_wconf 88' lang='lat' dir='ltr'><strong>est</strong></span> <span class='ocrx_word' id='word_1_386' title='bbox 1139 2877 1202 2922; x_wconf 93' lang='lat' dir='ltr'><strong>non</strong></span> <span class='ocrx_word' id='word_1_387' title='bbox 1218 2876 1342 2946; x_wconf 72' lang='lat' dir='ltr'><strong>serrare</strong></span> <span class='ocrx_word' id='word_1_388' title='bbox 1358 2859 1450 2923; x_wconf 89' lang='lat' dir='ltr'><strong>iidem</strong></span> <span class='ocrx_word' id='word_1_389' title='bbox 1468 2863 1625 2924; x_wconf 87' lang='lat' dir='ltr'><strong>bominem</strong></span> <span class='ocrx_word' id='word_1_390' title='bbox 1648 2864 1713 2928; x_wconf 89' lang='lat' dir='ltr'><strong>Deo</strong></span> <span class='ocrx_word' id='word_1_391' title='bbox 1731 2913 1739 2940; x_wconf 96' lang='lat'><strong>,</strong></span> <span class='ocrx_word' id='word_1_392' title='bbox 1768 2885 1860 2946; x_wconf 86' lang='lat' dir='ltr'><strong>quarn</strong></span> 
     </span>
    </p>

    <p class='ocr_par' dir='ltr' id='par_1_4' title="bbox 47 2939 1912 4417">
     <span class='ocr_line' id='line_1_32' title="bbox 117 2939 1912 3032; baseline 0.006 -30"><span class='ocrx_word' id='word_1_393' title='bbox 117 2941 151 3002; x_wconf 89' lang='lat' dir='ltr'><strong>S.</strong></span> <span class='ocrx_word' id='word_1_394' title='bbox 164 2941 227 3004; x_wconf 86' lang='lat' dir='ltr'><strong>Leo</strong></span> <span class='ocrx_word' id='word_1_395' title='bbox 250 2940 282 3002; x_wconf 92' lang='lat' dir='ltr'><strong>in</strong></span> <span class='ocrx_word' id='word_1_396' title='bbox 298 2939 391 3018; x_wconf 84' lang='lat' dir='ltr'><strong>epist.</strong></span> <span class='ocrx_word' id='word_1_397' title='bbox 407 2939 459 3002; x_wconf 85' lang='lat' dir='ltr'><strong>ot.</strong></span> <span class='ocrx_word' id='word_1_398' title='bbox 475 2940 512 3003; x_wconf 89' lang='lat' dir='ltr'><strong>ad</strong></span> <span class='ocrx_word' id='word_1_399' title='bbox 528 2939 675 3002; x_wconf 81' lang='lat' dir='ltr'><strong>Turbinm</strong></span> <span class='ocrx_word' id='word_1_400' title='bbox 688 2956 757 3018; x_wconf 67' lang='lat' dir='ltr'><strong>cap⁴</strong></span> <span class='ocrx_word' id='word_1_401' title='bbox 775 2941 804 3004; x_wconf 91' lang='lat' dir='ltr'><strong>l.</strong></span> <span class='ocrx_word' id='word_1_402' title='bbox 822 2942 947 3019; x_wconf 73' lang='lat' dir='ltr'><strong>Mente,</strong></span> <span class='ocrx_word' id='word_1_403' title='bbox 992 2940 1160 3004; x_wconf 76' lang='lat' dir='ltr'><strong>foeminam</strong></span> <span class='ocrx_word' id='word_1_404' title='bbox 1182 2943 1247 3006; x_wconf 84' lang='lat' dir='ltr'><strong>xire</strong></span> <span class='ocrx_word' id='word_1_405' title='bbox 1264 2989 1272 3018; x_wconf 88' lang='lat'><strong>,</strong></span> <span class='ocrx_word' id='word_1_406' title='bbox 1304 2941 1359 3004; x_wconf 90' lang='lat' dir='ltr'><strong>scd</strong></span> <span class='ocrx_word' id='word_1_407' title='bbox 1377 2943 1437 3006; x_wconf 88' lang='lat' dir='ltr'><strong>boc</strong></span> <span class='ocrx_word' id='word_1_408' title='bbox 1453 2951 1550 3006; x_wconf 86' lang='lat' dir='ltr'><strong>morte</strong></span> <span class='ocrx_word' id='word_1_409' title='bbox 1566 2945 1710 3024; x_wconf 88' lang='lat' dir='ltr'><strong>punitur,-</strong></span> <span class='ocrx_word' id='word_1_410' title='bbox 1728 2965 1783 3012; x_wconf 90' lang='lat' dir='ltr'><strong>eur</strong></span> <span class='ocrx_word' id='word_1_411' title='bbox 1798 2968 1861 3014; x_wconf 92' lang='lat' dir='ltr'><strong>nnn</strong></span> <span class='ocrx_word' id='word_1_412' title='bbox 1907 3019 1912 3032; x_wconf 36' lang='lat'><strong>¹</strong></span> 
     </span>
     <span class='ocr_line' id='line_1_33' title="bbox 47 3022 1097 3102; baseline 0 -18"><span class='ocrx_word' id='word_1_413' title='bbox 47 3095 50 3100; x_wconf 35' lang='grc'>,</span> <span class='ocrx_word' id='word_1_414' title='bbox 73 3022 189 3102; x_wconf 84' lang='lat' dir='ltr'><strong>inquil,</strong></span> <span class='ocrx_word' id='word_1_415' title='bbox 205 3027 327 3101; x_wconf 88' lang='lat' dir='ltr'><strong>potres,</strong></span> <span class='ocrx_word' id='word_1_416' title='bbox 349 3023 475 3094; x_wconf 83' lang='lat' dir='ltr'><strong>nostri,</strong></span> <span class='ocrx_word' id='word_1_417' title='bbox 501 3022 561 3085; x_wconf 92' lang='lat' dir='ltr'><strong>sub</strong></span> <span class='ocrx_word' id='word_1_418' title='bbox 577 3038 719 3102; x_wconf 84' lang='lat' dir='ltr'><strong>quornm</strong></span> <span class='ocrx_word' id='word_1_419' title='bbox 745 3025 946 3102; x_wconf 81' lang='lat' dir='ltr'><strong>temporibus</strong></span> <span class='ocrx_word' id='word_1_420' title='bbox 992 3022 1097 3086; x_wconf 79' lang='lat' dir='ltr'><strong>illudi</strong></span> 
     </span>
     <span class='ocr_line' id='line_1_34' title="bbox 73 3103 1862 3190; baseline 0.006 -24"><span class='ocrx_word' id='word_1_421' title='bbox 73 3104 220 3168; x_wconf 78' lang='lat' dir='ltr'><strong>bnermis</strong></span> <span class='ocrx_word' id='word_1_422' title='bbox 236 3104 316 3166; x_wconf 88' lang='lat' dir='ltr'><strong>boec</strong></span> <span class='ocrx_word' id='word_1_423' title='bbox 325 3103 476 3181; x_wconf 78' lang='lat' dir='ltr'><strong>nclondo</strong></span> <span class='ocrx_word' id='word_1_424' title='bbox 486 3106 651 3184; x_wconf 75' lang='grc' dir='ltr'>ιιιιιιριι,</span> <span class='ocrx_word' id='word_1_425' title='bbox 664 3119 724 3182; x_wconf 88' lang='lat' dir='ltr'><strong>per</strong></span> <span class='ocrx_word' id='word_1_426' title='bbox 734 3111 836 3168; x_wconf 84' lang='lat' dir='ltr'><strong>tolum</strong></span> <span class='ocrx_word' id='word_1_427' title='bbox 848 3123 943 3170; x_wconf 85' lang='lat' dir='ltr'><strong>mun·</strong></span> <span class='ocrx_word' id='word_1_428' title='bbox 1035 3105 1171 3179; x_wconf 81' lang='lat' dir='ltr'><strong>Quinto:</strong></span> <span class='ocrx_word' id='word_1_429' title='bbox 1188 3103 1264 3170; x_wconf 81' lang='lat' dir='ltr'><strong>Tres</strong></span> <span class='ocrx_word' id='word_1_430' title='bbox 1287 3123 1417 3170; x_wconf 84' lang='lat' dir='ltr'><strong>caussae</strong></span> <span class='ocrx_word' id='word_1_431' title='bbox 1439 3111 1513 3176; x_wconf 87' lang='lat' dir='ltr'><strong>sont</strong></span> <span class='ocrx_word' id='word_1_432' title='bbox 1541 3113 1668 3188; x_wconf 90' lang='lat' dir='ltr'><strong>prepter</strong></span> <span class='ocrx_word' id='word_1_433' title='bbox 1683 3128 1760 3190; x_wconf 88' lang='lat' dir='ltr'><strong>quas</strong></span> <span class='ocrx_word' id='word_1_434' title='bbox 1785 3115 1862 3178; x_wconf 90' lang='lat' dir='ltr'><strong>ratic</strong></span> 
     </span>
     <span class='ocr_line' id='line_1_35' title="bbox 73 3186 1855 3271; baseline 0.005 -21"><span class='ocrx_word' id='word_1_435' title='bbox 73 3189 158 3250; x_wconf 84' lang='lat' dir='ltr'><strong>dum</strong></span> <span class='ocrx_word' id='word_1_436' title='bbox 171 3187 335 3250; x_wconf 83' lang='lat' dir='ltr'><strong>instanter</strong></span> <span class='ocrx_word' id='word_1_437' title='bbox 346 3203 455 3264; x_wconf 79' lang='lat' dir='ltr'><strong>egere,</strong></span> <span class='ocrx_word' id='word_1_438' title='bbox 468 3196 505 3249; x_wconf 85' lang='lat' dir='ltr'><strong>ut</strong></span> <span class='ocrx_word' id='word_1_439' title='bbox 517 3187 641 3265; x_wconf 82' lang='lat' dir='ltr'><strong>inopius</strong></span> <span class='ocrx_word' id='word_1_440' title='bbox 652 3188 747 3264; x_wconf 82' lang='lat' dir='ltr'><strong>lirrcr</strong></span> <span class='ocrx_word' id='word_1_441' title='bbox 762 3187 803 3249; x_wconf 90' lang='lat' dir='ltr'><strong>ob</strong></span> <span class='ocrx_word' id='word_1_442' title='bbox 815 3191 946 3254; x_wconf 64' lang='lat' dir='ltr'><strong>univer-⁴</strong></span> <span class='ocrx_word' id='word_1_443' title='bbox 991 3186 1083 3250; x_wconf 88' lang='lat' dir='ltr'><strong>docet</strong></span> <span class='ocrx_word' id='word_1_444' title='bbox 1097 3189 1241 3252; x_wconf 88' lang='lat' dir='ltr'><strong>nomines</strong></span> <span class='ocrx_word' id='word_1_445' title='bbox 1253 3189 1445 3252; x_wconf 88' lang='lat' dir='ltr'><strong>occidendos</strong></span> <span class='ocrx_word' id='word_1_446' title='bbox 1457 3205 1622 3268; x_wconf 68' lang='lat' dir='ltr'><strong>essaenos</strong></span> <span class='ocrx_word' id='word_1_447' title='bbox 1634 3193 1765 3271; x_wconf 89' lang='lat' dir='ltr'><strong>pnlc&#39;bre</strong></span> <span class='ocrx_word' id='word_1_448' title='bbox 1781 3199 1855 3258; x_wconf 91' lang='lat' dir='ltr'><strong>scri·</strong></span> 
     </span>
     <span class='ocr_line' id='line_1_36' title="bbox 75 3268 1859 3355; baseline 0.004 -23"><span class='ocrx_word' id='word_1_449' title='bbox 75 3283 117 3332; x_wconf 81' lang='lat' dir='ltr'><strong>ao</strong></span> <span class='ocrx_word' id='word_1_450' title='bbox 141 3269 289 3332; x_wconf 77' lang='lat' dir='ltr'><strong>Ecclesia</strong></span> <span class='ocrx_word' id='word_1_451' title='bbox 313 3269 511 3345; x_wconf 75' lang='lat' dir='ltr'><strong>pelleretur,</strong></span> <span class='ocrx_word' id='word_1_452' title='bbox 535 3270 670 3348; x_wconf 83' lang='lat' dir='ltr'><strong>quondo</strong></span> <span class='ocrx_word' id='word_1_453' title='bbox 697 3270 797 3332; x_wconf 85' lang='lat' dir='ltr'><strong>ctiam</strong></span> <span class='ocrx_word' id='word_1_454' title='bbox 822 3273 946 3348; x_wconf 83' lang='lat' dir='ltr'><strong>princi·</strong></span> <span class='ocrx_word' id='word_1_455' title='bbox 989 3268 1036 3332; x_wconf 92' lang='lat' dir='ltr'><strong>bit</strong></span> <span class='ocrx_word' id='word_1_456' title='bbox 1051 3270 1185 3334; x_wconf 87' lang='lat' dir='ltr'><strong>Galenus</strong></span> <span class='ocrx_word' id='word_1_457' title='bbox 1199 3271 1231 3333; x_wconf 91' lang='lat' dir='ltr'><strong>in</strong></span> <span class='ocrx_word' id='word_1_458' title='bbox 1247 3271 1340 3347; x_wconf 90' lang='lat' dir='ltr'><strong>libro,</strong></span> <span class='ocrx_word' id='word_1_459' title='bbox 1357 3271 1449 3350; x_wconf 90' lang='lat' dir='ltr'><strong>enjus</strong></span> <span class='ocrx_word' id='word_1_460' title='bbox 1465 3270 1572 3334; x_wconf 88' lang='lat' dir='ltr'><strong>titulus</strong></span> <span class='ocrx_word' id='word_1_461' title='bbox 1584 3279 1643 3349; x_wconf 90' lang='lat' dir='ltr'><strong>ost,</strong></span> <span class='ocrx_word' id='word_1_462' title='bbox 1657 3276 1739 3355; x_wconf 85' lang='lat' dir='ltr'><strong>quod</strong></span> <span class='ocrx_word' id='word_1_463' title='bbox 1755 3293 1859 3341; x_wconf 88' lang='lat' dir='ltr'><strong>mores</strong></span> 
     </span>
     <span class='ocr_line' id='line_1_37' title="bbox 70 3350 1856 3435; baseline 0.005 -21"><span class='ocrx_word' id='word_1_464' title='bbox 70 3365 132 3428; x_wconf 85' lang='lat' dir='ltr'><strong>pes</strong></span> <span class='ocrx_word' id='word_1_465' title='bbox 159 3351 281 3414; x_wconf 84' lang='lat' dir='ltr'><strong>mnndi</strong></span> <span class='ocrx_word' id='word_1_466' title='bbox 304 3350 391 3413; x_wconf 86' lang='lat' dir='ltr'><strong>borne</strong></span> <span class='ocrx_word' id='word_1_467' title='bbox 412 3352 610 3429; x_wconf 76' lang='lat' dir='ltr'><strong>socnbpcrn</strong></span> <span class='ocrx_word' id='word_1_468' title='bbox 634 3351 944 3418; x_wconf 82' lang='lat' dir='ltr'><strong>omentiomc&#39;lode·</strong></span> <span class='ocrx_word' id='word_1_469' title='bbox 989 3351 1083 3414; x_wconf 90' lang='lat' dir='ltr'><strong>animi</strong></span> <span class='ocrx_word' id='word_1_470' title='bbox 1099 3355 1239 3432; x_wconf 90' lang='lat' dir='ltr'><strong>eorporis</strong></span> <span class='ocrx_word' id='word_1_471' title='bbox 1254 3359 1533 3433; x_wconf 86' lang='lat' dir='ltr'><strong>temperamentum</strong></span> <span class='ocrx_word' id='word_1_472' title='bbox 1558 3361 1741 3435; x_wconf 89' lang='lat' dir='ltr'><strong>sequantur,</strong></span> <span class='ocrx_word' id='word_1_473' title='bbox 1774 3361 1856 3423; x_wconf 87' lang='lat' dir='ltr'><strong>circu</strong></span> 
     </span>
     <span class='ocr_line' id='line_1_38' title="bbox 71 3433 1574 3517; baseline 0.004 -24"><span class='ocrx_word' id='word_1_474' title='bbox 71 3435 184 3496; x_wconf 81' lang='lat' dir='ltr'><strong>testati</strong></span> <span class='ocrx_word' id='word_1_475' title='bbox 202 3437 305 3508; x_wconf 84' lang='lat' dir='ltr'><strong>arent,</strong></span> <span class='ocrx_word' id='word_1_476' title='bbox 327 3440 364 3494; x_wconf 88' lang='lat' dir='ltr'><strong>ut</strong></span> <span class='ocrx_word' id='word_1_477' title='bbox 390 3439 559 3496; x_wconf 88' lang='lat' dir='ltr'><strong>ouctorern</strong></span> <span class='ocrx_word' id='word_1_478' title='bbox 580 3433 676 3514; x_wconf 68' lang='lat' dir='ltr'><strong>ejus,</strong></span> <span class='ocrx_word' id='word_1_479' title='bbox 703 3449 743 3496; x_wconf 90' lang='lat' dir='ltr'><strong>cc</strong></span> <span class='ocrx_word' id='word_1_480' title='bbox 768 3435 942 3517; x_wconf 85' lang='lat' dir='ltr'><strong>plerosque</strong></span> <span class='ocrx_word' id='word_1_481' title='bbox 987 3433 1177 3498; x_wconf 82' lang='lat' dir='ltr'><strong>linemlibri.</strong></span> <span class='ocrx_word' id='word_1_482' title='bbox 1570 3509 1574 3514; x_wconf 42' lang='grc'><strong>,</strong></span> 
     </span>
     <span class='ocr_line' id='line_1_39' title="bbox 70 3509 1857 3596; baseline 0.004 -18"><span class='ocrx_word' id='word_1_483' title='bbox 70 3516 252 3593; x_wconf 82' lang='lat' dir='ltr'><strong>discipulos</strong></span> <span class='ocrx_word' id='word_1_484' title='bbox 281 3515 390 3592; x_wconf 83' lang='lat' dir='ltr'><strong>lepram</strong></span> <span class='ocrx_word' id='word_1_485' title='bbox 417 3513 629 3592; x_wconf 87' lang='lat' dir='ltr'><strong>publicorum</strong></span> <span class='ocrx_word' id='word_1_486' title='bbox 656 3530 733 3578; x_wconf 87' lang='lat' dir='ltr'><strong>ense</strong></span> <span class='ocrx_word' id='word_1_487' title='bbox 759 3523 943 3594; x_wconf 80' lang='lat' dir='ltr'><strong>praetorne·</strong></span> <span class='ocrx_word' id='word_1_488' title='bbox 1029 3516 1250 3581; x_wconf 86' lang='lat' dir='ltr'><strong>Primacaussa</strong></span> <span class='ocrx_word' id='word_1_489' title='bbox 1267 3519 1324 3592; x_wconf 88' lang='lat' dir='ltr'><strong>est,</strong></span> <span class='ocrx_word' id='word_1_490' title='bbox 1349 3531 1390 3580; x_wconf 92' lang='lat' dir='ltr'><strong>ne</strong></span> <span class='ocrx_word' id='word_1_491' title='bbox 1404 3513 1476 3580; x_wconf 88' lang='lat' dir='ltr'><strong>mali</strong></span> <span class='ocrx_word' id='word_1_492' title='bbox 1498 3509 1591 3582; x_wconf 86' lang='lat' dir='ltr'><strong>bonis</strong></span> <span class='ocrx_word' id='word_1_493' title='bbox 1604 3527 1735 3583; x_wconf 87' lang='lat' dir='ltr'><strong>noceant</strong></span> <span class='ocrx_word' id='word_1_494' title='bbox 1752 3568 1760 3596; x_wconf 94' lang='lat'><strong>,</strong></span> <span class='ocrx_word' id='word_1_495' title='bbox 1779 3537 1857 3586; x_wconf 85' lang='lat' dir='ltr'><strong>nere</strong></span> 
     </span>
     <span class='ocr_line' id='line_1_40' title="bbox 69 3595 1856 3681; baseline 0.006 -23"><span class='ocrx_word' id='word_1_496' title='bbox 69 3605 159 3671; x_wconf 74' lang='lat' dir='ltr'><strong>rent·</strong></span> <span class='ocrx_word' id='word_1_497' title='bbox 175 3603 203 3658; x_wconf 88' lang='lat' dir='ltr'><strong>ol</strong></span> <span class='ocrx_word' id='word_1_498' title='bbox 215 3597 342 3675; x_wconf 71' lang='lat' dir='ltr'><strong>proluit</strong></span> <span class='ocrx_word' id='word_1_499' title='bbox 357 3597 417 3658; x_wconf 83' lang='lat' dir='ltr'><strong>diu</strong></span> <span class='ocrx_word' id='word_1_500' title='bbox 437 3596 500 3660; x_wconf 85' lang='lat' dir='ltr'><strong>islo</strong></span> <span class='ocrx_word' id='word_1_501' title='bbox 526 3596 685 3660; x_wconf 84' lang='lat' dir='ltr'><strong>districtio</strong></span> <span class='ocrx_word' id='word_1_502' title='bbox 707 3598 943 3664; x_wconf 84' lang='lat' dir='ltr'><strong>ecclesiastieae</strong></span> <span class='ocrx_word' id='word_1_503' title='bbox 983 3595 1173 3662; x_wconf 85' lang='lat' dir='ltr'><strong>innoeentes</strong></span> <span class='ocrx_word' id='word_1_504' title='bbox 1194 3598 1413 3662; x_wconf 84' lang='lat' dir='ltr'><strong>succentibus</strong></span> <span class='ocrx_word' id='word_1_505' title='bbox 1428 3599 1658 3679; x_wconf 81' lang='lat' dir='ltr'><strong>opprimantur3</strong></span> <span class='ocrx_word' id='word_1_506' title='bbox 1675 3609 1767 3681; x_wconf 85' lang='lat' dir='ltr'><strong>alque</strong></span> <span class='ocrx_word' id='word_1_507' title='bbox 1783 3606 1856 3670; x_wconf 90' lang='lat' dir='ltr'><strong>binc</strong></span> 
     </span>
     <span class='ocr_line' id='line_1_41' title="bbox 71 3677 1857 3762; baseline 0.006 -22"><span class='ocrx_word' id='word_1_508' title='bbox 71 3679 225 3750; x_wconf 79' lang='grc' dir='ltr'>ιιιιιιιιιι,</span> <span class='ocrx_word' id='word_1_509' title='bbox 250 3694 336 3757; x_wconf 86' lang='lat' dir='ltr'><strong>quoe</strong></span> <span class='ocrx_word' id='word_1_510' title='bbox 358 3679 417 3740; x_wconf 82' lang='lat' dir='ltr'><strong>etsi</strong></span> <span class='ocrx_word' id='word_1_511' title='bbox 437 3678 636 3742; x_wconf 84' lang='lat' dir='ltr'><strong>sacerdotali</strong></span> <span class='ocrx_word' id='word_1_512' title='bbox 650 3680 943 3759; x_wconf 76' lang='lat' dir='ltr'><strong>contentog&#39;udn&#39;cn&#39;o</strong></span> <span class='ocrx_word' id='word_1_513' title='bbox 984 3677 1159 3758; x_wconf 85' lang='lat' dir='ltr'><strong>justissime</strong></span> <span class='ocrx_word' id='word_1_514' title='bbox 1181 3681 1320 3744; x_wconf 91' lang='lat' dir='ltr'><strong>omnium</strong></span> <span class='ocrx_word' id='word_1_515' title='bbox 1332 3680 1452 3760; x_wconf 88' lang='lat' dir='ltr'><strong>judicie</strong></span> <span class='ocrx_word' id='word_1_516' title='bbox 1468 3681 1654 3746; x_wconf 88' lang='lat' dir='ltr'><strong>occidantur</strong></span> <span class='ocrx_word' id='word_1_517' title='bbox 1667 3684 1857 3762; x_wconf 85' lang='lat' dir='ltr'><strong>homicidae,</strong></span> 
     </span>
     <span class='ocr_line' id='line_1_42' title="bbox 69 3759 1850 3845; baseline 0.005 -21"><span class='ocrx_word' id='word_1_518' title='bbox 69 3759 370 3838; x_wconf 48' lang='lat' dir='ltr'><strong>mucntnsrreiupit</strong></span> <span class='ocrx_word' id='word_1_519' title='bbox 393 3760 557 3828; x_wconf 79' lang='lat' dir='ltr'><strong>ultiones.</strong></span> <span class='ocrx_word' id='word_1_520' title='bbox 582 3763 702 3824; x_wconf 75' lang='lat' dir='ltr'><strong>soceris</strong></span> <span class='ocrx_word' id='word_1_521' title='bbox 724 3768 834 3825; x_wconf 86' lang='lat' dir='ltr'><strong>tannen</strong></span> <span class='ocrx_word' id='word_1_522' title='bbox 859 3764 943 3828; x_wconf 70' lang='lat' dir='ltr'><strong>cbri-</strong></span> <span class='ocrx_word' id='word_1_523' title='bbox 987 3761 1147 3837; x_wconf 89' lang='lat' dir='ltr'><strong>udnlleri,</strong></span> <span class='ocrx_word' id='word_1_524' title='bbox 1176 3764 1326 3826; x_wconf 70' lang='lat' dir='ltr'><strong>latrones</strong></span> <span class='ocrx_word' id='word_1_525' title='bbox 1351 3761 1495 3824; x_wconf 87' lang='lat' dir='ltr'><strong>Secunda</strong></span> <span class='ocrx_word' id='word_1_526' title='bbox 1521 3769 1594 3841; x_wconf 85' lang='lat' dir='ltr'><strong>est,</strong></span> <span class='ocrx_word' id='word_1_527' title='bbox 1625 3773 1658 3828; x_wconf 90' lang='lat' dir='ltr'><strong>nl</strong></span> <span class='ocrx_word' id='word_1_528' title='bbox 1680 3784 1850 3845; x_wconf 89' lang='lat' dir='ltr'><strong>paucorum</strong></span> 
     </span>
     <span class='ocr_line' id='line_1_43' title="bbox 69 3843 1853 3924; baseline 0.007 -22"><span class='ocrx_word' id='word_1_529' title='bbox 69 3845 258 3906; x_wconf 76' lang='lat' dir='ltr'><strong>alienantem</strong></span> <span class='ocrx_word' id='word_1_530' title='bbox 276 3843 470 3921; x_wconf 79' lang='lat' dir='ltr'><strong>principum</strong></span> <span class='ocrx_word' id='word_1_531' title='bbox 491 3843 775 3908; x_wconf 67' lang='lat' dir='ltr'><strong>constitutionibus</strong></span> <span class='ocrx_word' id='word_1_532' title='bbox 804 3845 944 3922; x_wconf 60' lang='lat' dir='ltr'><strong>adluens</strong></span> <span class='ocrx_word' id='word_1_533' title='bbox 987 3845 1144 3924; x_wconf 87' lang='lat' dir='ltr'><strong>supplicio</strong></span> <span class='ocrx_word' id='word_1_534' title='bbox 1172 3845 1261 3908; x_wconf 90' lang='lat' dir='ltr'><strong>multi</strong></span> <span class='ocrx_word' id='word_1_535' title='bbox 1291 3845 1573 3924; x_wconf 80' lang='lat' dir='ltr'><strong>corrigantar2ot</strong></span> <span class='ocrx_word' id='word_1_536' title='bbox 1601 3847 1654 3924; x_wconf 87' lang='lat' dir='ltr'><strong>qni</strong></span> <span class='ocrx_word' id='word_1_537' title='bbox 1684 3851 1853 3914; x_wconf 88' lang='lat' dir='ltr'><strong>noluerant</strong></span> 
     </span>
     <span class='ocr_line' id='line_1_44' title="bbox 70 3925 1854 4005; baseline 0.007 -21"><span class='ocrx_word' id='word_1_538' title='bbox 70 3931 139 3998; x_wconf 84' lang='lat' dir='ltr'><strong>tur,</strong></span> <span class='ocrx_word' id='word_1_539' title='bbox 155 3927 236 3988; x_wconf 89' lang='lat' dir='ltr'><strong>dum</strong></span> <span class='ocrx_word' id='word_1_540' title='bbox 248 3925 293 3988; x_wconf 88' lang='lat' dir='ltr'><strong>od</strong></span> <span class='ocrx_word' id='word_1_541' title='bbox 308 3925 481 4002; x_wconf 83' lang='lat' dir='ltr'><strong>spirituale</strong></span> <span class='ocrx_word' id='word_1_542' title='bbox 495 3941 752 4005; x_wconf 85' lang='lat' dir='ltr'><strong>nonnumquam</strong></span> <span class='ocrx_word' id='word_1_543' title='bbox 766 3937 942 3992; x_wconf 80' lang='lat' dir='ltr'><strong>recurrunt</strong></span> <span class='ocrx_word' id='word_1_544' title='bbox 988 3928 1139 4004; x_wconf 87' lang='lat' dir='ltr'><strong>prodesse</strong></span> <span class='ocrx_word' id='word_1_545' title='bbox 1153 3927 1277 4004; x_wconf 88' lang='lat' dir='ltr'><strong>reipub.</strong></span> <span class='ocrx_word' id='word_1_546' title='bbox 1291 3927 1434 4001; x_wconf 84' lang='lat' dir='ltr'><strong>virendo,</strong></span> <span class='ocrx_word' id='word_1_547' title='bbox 1463 3927 1584 4005; x_wconf 86' lang='lat' dir='ltr'><strong>prosint</strong></span> <span class='ocrx_word' id='word_1_548' title='bbox 1612 3929 1786 3995; x_wconf 85' lang='lat' dir='ltr'><strong>moriendo.</strong></span> <span class='ocrx_word' id='word_1_549' title='bbox 1804 3935 1854 3996; x_wconf 84' lang='lat' dir='ltr'><strong>xt-</strong></span> 
     </span>
     <span class='ocr_line' id='line_1_45' title="bbox 68 4006 1857 4095; baseline 0.004 -25"><span class='ocrx_word' id='word_1_550' title='bbox 68 4007 281 4078; x_wconf 83' lang='lat' dir='ltr'><strong>remedium,</strong></span> <span class='ocrx_word' id='word_1_551' title='bbox 310 4008 369 4086; x_wconf 81' lang='lat' dir='ltr'><strong>qni</strong></span> <span class='ocrx_word' id='word_1_552' title='bbox 393 4007 509 4071; x_wconf 86' lang='lat' dir='ltr'><strong>liment</strong></span> <span class='ocrx_word' id='word_1_553' title='bbox 534 4008 704 4086; x_wconf 77' lang='lat' dir='ltr'><strong>coenomia</strong></span> <span class='ocrx_word' id='word_1_554' title='bbox 729 4009 943 4088; x_wconf 64' lang='lat' dir='ltr'><strong>supplicium,</strong></span> <span class='ocrx_word' id='word_1_555' title='bbox 990 4025 1051 4085; x_wconf 82' lang='lat' dir='ltr'><strong>oue</strong></span> <span class='ocrx_word' id='word_1_556' title='bbox 1077 4010 1151 4072; x_wconf 88' lang='lat' dir='ltr'><strong>binc</strong></span> <span class='ocrx_word' id='word_1_557' title='bbox 1176 4010 1320 4072; x_wconf 89' lang='lat' dir='ltr'><strong>ridemus</strong></span> <span class='ocrx_word' id='word_1_558' title='bbox 1334 4008 1426 4071; x_wconf 87' lang='lat' dir='ltr'><strong>ctiam</strong></span> <span class='ocrx_word' id='word_1_559' title='bbox 1453 4006 1630 4088; x_wconf 87' lang='lat' dir='ltr'><strong>justissime</strong></span> <span class='ocrx_word' id='word_1_560' title='bbox 1656 4015 1795 4077; x_wconf 91' lang='lat' dir='ltr'><strong>omniurn</strong></span> <span class='ocrx_word' id='word_1_561' title='bbox 1808 4017 1857 4095; x_wconf 88' lang='lat' dir='ltr'><strong>ju·</strong></span> 
     </span>
     <span class='ocr_line' id='line_1_46' title="bbox 69 4089 1853 4176; baseline 0.004 -24"><span class='ocrx_word' id='word_1_562' title='bbox 69 4089 203 4168; x_wconf 83' lang='lat' dir='ltr'><strong>Optatus</strong></span> <span class='ocrx_word' id='word_1_563' title='bbox 218 4089 413 4152; x_wconf 83' lang='lat' dir='ltr'><strong>lliileritanns</strong></span> <span class='ocrx_word' id='word_1_564' title='bbox 427 4089 483 4152; x_wconf 93' lang='lat' dir='ltr'><strong>lib.</strong></span> <span class='ocrx_word' id='word_1_565' title='bbox 508 4089 539 4152; x_wconf 83' lang='lat'><strong>3.</strong></span> <span class='ocrx_word' id='word_1_566' title='bbox 555 4091 943 4170; x_wconf 83' lang='lat' dir='ltr'><strong>respondenscalumuine</strong></span> <span class='ocrx_word' id='word_1_567' title='bbox 986 4090 1070 4154; x_wconf 89' lang='lat' dir='ltr'><strong>dicio</strong></span> <span class='ocrx_word' id='word_1_568' title='bbox 1099 4092 1250 4171; x_wconf 84' lang='lat' dir='ltr'><strong>quaedam</strong></span> <span class='ocrx_word' id='word_1_569' title='bbox 1279 4090 1434 4153; x_wconf 84' lang='lat' dir='ltr'><strong>horrenda</strong></span> <span class='ocrx_word' id='word_1_570' title='bbox 1459 4089 1576 4170; x_wconf 84' lang='lat' dir='ltr'><strong>flagitia</strong></span> <span class='ocrx_word' id='word_1_571' title='bbox 1598 4099 1697 4176; x_wconf 87' lang='lat' dir='ltr'><strong>marla</strong></span> <span class='ocrx_word' id='word_1_572' title='bbox 1723 4089 1853 4174; x_wconf 82' lang='lat' dir='ltr'><strong>puniri,</strong></span> 
     </span>
     <span class='ocr_line' id='line_1_47' title="bbox 67 4165 1854 4258; baseline 0.006 -26"><span class='ocrx_word' id='word_1_573' title='bbox 67 4165 322 4243; x_wconf 84' lang='lat' dir='ltr'><strong>baereticorum,</strong></span> <span class='ocrx_word' id='word_1_574' title='bbox 352 4171 404 4248; x_wconf 86' lang='lat' dir='ltr'><strong>qui</strong></span> <span class='ocrx_word' id='word_1_575' title='bbox 434 4173 607 4250; x_wconf 85' lang='lat' dir='ltr'><strong>aegerrime</strong></span> <span class='ocrx_word' id='word_1_576' title='bbox 633 4172 774 4234; x_wconf 89' lang='lat' dir='ltr'><strong>lerebant</strong></span> <span class='ocrx_word' id='word_1_577' title='bbox 801 4175 880 4236; x_wconf 92' lang='lat' dir='ltr'><strong>dnos</strong></span> <span class='ocrx_word' id='word_1_578' title='bbox 902 4193 940 4237; x_wconf 85' lang='lat' dir='ltr'><strong>ex</strong></span> <span class='ocrx_word' id='word_1_579' title='bbox 985 4172 1060 4236; x_wconf 90' lang='lat' dir='ltr'><strong>licet</strong></span> <span class='ocrx_word' id='word_1_580' title='bbox 1084 4173 1234 4252; x_wconf 86' lang='lat' dir='ltr'><strong>proximis</strong></span> <span class='ocrx_word' id='word_1_581' title='bbox 1263 4189 1328 4236; x_wconf 91' lang='lat' dir='ltr'><strong>nnn</strong></span> <span class='ocrx_word' id='word_1_582' title='bbox 1357 4177 1512 4258; x_wconf 82' lang='lat' dir='ltr'><strong>noceant,</strong></span> <span class='ocrx_word' id='word_1_583' title='bbox 1544 4173 1605 4235; x_wconf 86' lang='lat' dir='ltr'><strong>nisi</strong></span> <span class='ocrx_word' id='word_1_584' title='bbox 1635 4178 1800 4256; x_wconf 86' lang='lat' dir='ltr'><strong>exempla,</strong></span> <span class='ocrx_word' id='word_1_585' title='bbox 1822 4187 1854 4242; x_wconf 91' lang='lat' dir='ltr'><strong>ut</strong></span> 
     </span>
     <span class='ocr_line' id='line_1_48' title="bbox 69 4252 1856 4340; baseline 0.003 -26"><span class='ocrx_word' id='word_1_586' title='bbox 69 4256 139 4314; x_wconf 85' lang='lat' dir='ltr'><strong>suis</strong></span> <span class='ocrx_word' id='word_1_587' title='bbox 160 4253 345 4316; x_wconf 87' lang='lat' dir='ltr'><strong>ailncbnric</strong></span> <span class='ocrx_word' id='word_1_588' title='bbox 360 4253 516 4330; x_wconf 88' lang='lat' dir='ltr'><strong>praelecto</strong></span> <span class='ocrx_word' id='word_1_589' title='bbox 531 4254 722 4318; x_wconf 86' lang='lat' dir='ltr'><strong>interiectos:</strong></span> <span class='ocrx_word' id='word_1_590' title='bbox 743 4252 878 4330; x_wconf 81' lang='lat' dir='ltr'><strong>Videtis,</strong></span> <span class='ocrx_word' id='word_1_591' title='bbox 894 4255 941 4318; x_wconf 87' lang='lat' dir='ltr'><strong>in·</strong></span> <span class='ocrx_word' id='word_1_592' title='bbox 987 4257 1256 4330; x_wconf 85' lang='lat' dir='ltr'><strong>necromantiam,</strong></span> <span class='ocrx_word' id='word_1_593' title='bbox 1280 4255 1431 4334; x_wconf 84' lang='lat' dir='ltr'><strong>quaedam</strong></span> <span class='ocrx_word' id='word_1_594' title='bbox 1449 4253 1584 4340; x_wconf 80' lang='lat' dir='ltr'><strong>nefanda</strong></span> <span class='ocrx_word' id='word_1_595' title='bbox 1597 4261 1628 4318; x_wconf 89' lang='lat' dir='ltr'><strong>ct</strong></span> <span class='ocrx_word' id='word_1_596' title='bbox 1646 4265 1752 4322; x_wconf 87' lang='lat' dir='ltr'><strong>contra</strong></span> <span class='ocrx_word' id='word_1_597' title='bbox 1769 4267 1856 4324; x_wconf 87' lang='lat' dir='ltr'><strong>nala·</strong></span> 
     </span>
     <span class='ocr_line' id='line_1_49' title="bbox 69 4334 1853 4417; baseline 0.006 -21"><span class='ocrx_word' id='word_1_598' title='bbox 69 4334 151 4412; x_wconf 79' lang='lat' dir='ltr'><strong>guil,</strong></span> <span class='ocrx_word' id='word_1_599' title='bbox 167 4335 317 4414; x_wconf 78' lang='lat' dir='ltr'><strong>odingas.</strong></span> <span class='ocrx_word' id='word_1_600' title='bbox 332 4341 362 4397; x_wconf 89' lang='lat' dir='ltr'><strong>cl</strong></span> <span class='ocrx_word' id='word_1_601' title='bbox 376 4334 509 4410; x_wconf 82' lang='lat' dir='ltr'><strong>Phineo,</strong></span> <span class='ocrx_word' id='word_1_602' title='bbox 527 4339 557 4396; x_wconf 88' lang='lat' dir='ltr'><strong>ot</strong></span> <span class='ocrx_word' id='word_1_603' title='bbox 571 4335 688 4409; x_wconf 81' lang='lat' dir='ltr'><strong>Helio,</strong></span> <span class='ocrx_word' id='word_1_604' title='bbox 720 4342 750 4400; x_wconf 94' lang='lat' dir='ltr'><strong>et</strong></span> <span class='ocrx_word' id='word_1_605' title='bbox 773 4337 941 4402; x_wconf 82' lang='lat' dir='ltr'><strong>Moobotn&#39;o</strong></span> <span class='ocrx_word' id='word_1_606' title='bbox 986 4352 1062 4411; x_wconf 91' lang='lat' dir='ltr'><strong>ram,</strong></span> <span class='ocrx_word' id='word_1_607' title='bbox 1078 4335 1136 4400; x_wconf 88' lang='lat' dir='ltr'><strong>ista</strong></span> <span class='ocrx_word' id='word_1_608' title='bbox 1160 4338 1231 4401; x_wconf 88' lang='lat' dir='ltr'><strong>idco</strong></span> <span class='ocrx_word' id='word_1_609' title='bbox 1253 4337 1435 4417; x_wconf 85' lang='lat' dir='ltr'><strong>gravissime</strong></span> <span class='ocrx_word' id='word_1_610' title='bbox 1460 4335 1654 4416; x_wconf 85' lang='lat' dir='ltr'><strong>puniuntor,</strong></span> <span class='ocrx_word' id='word_1_611' title='bbox 1678 4345 1711 4402; x_wconf 86' lang='lat' dir='ltr'><strong>ul</strong></span> <span class='ocrx_word' id='word_1_612' title='bbox 1737 4345 1853 4407; x_wconf 87' lang='lat' dir='ltr'><strong>caeteri</strong></span> 
     </span>
    </p>
   </div>
   <div class='ocr_carea' id='block_1_3' title="bbox 68 4417 1947 4503">
    <p class='ocr_par' dir='ltr' id='par_1_5' title="bbox 68 4417 1947 4503">
     <span class='ocr_line' id='line_1_50' title="bbox 68 4417 1947 4503; baseline 0.005 -25"><span class='ocrx_word' id='word_1_613' title='bbox 68 4417 390 4494; x_wconf 71' lang='lat' dir='ltr'><strong>similiocsscfoctn</strong></span> <span class='ocrx_word' id='word_1_614' title='bbox 416 4419 498 4496; x_wconf 82' lang='lat' dir='ltr'><strong>onio</strong></span> <span class='ocrx_word' id='word_1_615' title='bbox 520 4417 560 4480; x_wconf 92' lang='lat' dir='ltr'><strong>ob</strong></span> <span class='ocrx_word' id='word_1_616' title='bbox 576 4418 727 4482; x_wconf 87' lang='lat' dir='ltr'><strong>omnibus</strong></span> <span class='ocrx_word' id='word_1_617' title='bbox 753 4421 855 4483; x_wconf 85' lang='lat' dir='ltr'><strong>nnius</strong></span> <span class='ocrx_word' id='word_1_618' title='bbox 883 4419 942 4484; x_wconf 83' lang='lat' dir='ltr'><strong>Pei</strong></span> <span class='ocrx_word' id='word_1_619' title='bbox 986 4417 1187 4500; x_wconf 81' lang='lat' dir='ltr'><strong>intelligant,</strong></span> <span class='ocrx_word' id='word_1_620' title='bbox 1213 4419 1366 4488; x_wconf 84' lang='lat' dir='ltr'><strong>immania·</strong></span> <span class='ocrx_word' id='word_1_621' title='bbox 1385 4433 1456 4482; x_wconf 89' lang='lat' dir='ltr'><strong>esse</strong></span> <span class='ocrx_word' id='word_1_622' title='bbox 1485 4419 1626 4496; x_wconf 86' lang='lat' dir='ltr'><strong>seelera,</strong></span> <span class='ocrx_word' id='word_1_623' title='bbox 1654 4427 1684 4484; x_wconf 87' lang='lat' dir='ltr'><strong>el</strong></span> <span class='ocrx_word' id='word_1_624' title='bbox 1712 4439 1776 4486; x_wconf 87' lang='lat' dir='ltr'><strong>non</strong></span> <span class='ocrx_word' id='word_1_625' title='bbox 1799 4443 1851 4488; x_wconf 88' lang='lat' dir='ltr'><strong>an·</strong></span> <span class='ocrx_word' id='word_1_626' title='bbox 1942 4492 1947 4503; x_wconf 67' lang='grc'><em>,</em></span> 
     </span>
    </p>
   </div>
   <div class='ocr_carea' id='block_1_4' title="bbox 67 4499 1868 5806">
    <p class='ocr_par' dir='ltr' id='par_1_6' title="bbox 67 4499 1868 5806">
     <span class='ocr_line' id='line_1_51' title="bbox 69 4499 1853 4586; baseline 0.006 -27"><span class='ocrx_word' id='word_1_627' title='bbox 69 4501 397 4578; x_wconf 76' lang='grc' dir='ltr'>ιιιιιιιιιαριοιιιιιι.</span> <span class='ocrx_word' id='word_1_628' title='bbox 986 4500 1079 4564; x_wconf 84' lang='lat' dir='ltr'><strong>deant</strong></span> <span class='ocrx_word' id='word_1_629' title='bbox 1093 4501 1205 4564; x_wconf 86' lang='lat' dir='ltr'><strong>similia</strong></span> <span class='ocrx_word' id='word_1_630' title='bbox 1228 4507 1418 4580; x_wconf 85' lang='lat' dir='ltr'><strong>perpetrare.</strong></span> <span class='ocrx_word' id='word_1_631' title='bbox 1448 4499 1550 4564; x_wconf 74' lang='lat' dir='ltr'><strong>lertio</strong></span> <span class='ocrx_word' id='word_1_632' title='bbox 1574 4509 1649 4577; x_wconf 86' lang='lat' dir='ltr'><strong>est,</strong></span> <span class='ocrx_word' id='word_1_633' title='bbox 1677 4505 1749 4584; x_wconf 87' lang='lat' dir='ltr'><strong>quio</strong></span> <span class='ocrx_word' id='word_1_634' title='bbox 1774 4507 1853 4586; x_wconf 85' lang='lat' dir='ltr'><strong>ipsis</strong></span> 
     </span>
     <span class='ocr_line' id='line_1_52' title="bbox 113 4578 1852 4662; baseline 0.005 -18"><span class='ocrx_word' id='word_1_635' title='bbox 113 4578 330 4658; x_wconf 58' lang='lat' dir='ltr'><strong>sangarius</strong></span> <span class='ocrx_word' id='word_1_636' title='bbox 355 4581 412 4642; x_wconf 85' lang='grc' dir='ltr'>ιιι).</span> <span class='ocrx_word' id='word_1_637' title='bbox 430 4581 459 4644; x_wconf 90' lang='lat' dir='ltr'><strong>l.</strong></span> <span class='ocrx_word' id='word_1_638' title='bbox 477 4584 570 4661; x_wconf 90' lang='lat' dir='ltr'><strong>epist.</strong></span> <span class='ocrx_word' id='word_1_639' title='bbox 594 4583 647 4644; x_wconf 75' lang='lat' dir='ltr'><strong>lu.</strong></span> <span class='ocrx_word' id='word_1_640' title='bbox 677 4583 714 4645; x_wconf 92' lang='lat' dir='ltr'><strong>ad</strong></span> <span class='ocrx_word' id='word_1_641' title='bbox 742 4581 939 4647; x_wconf 76' lang='lat' dir='ltr'><strong>Gennadium</strong></span> <span class='ocrx_word' id='word_1_642' title='bbox 985 4581 1191 4658; x_wconf 87' lang='lat' dir='ltr'><strong>hominibus,</strong></span> <span class='ocrx_word' id='word_1_643' title='bbox 1222 4584 1275 4662; x_wconf 86' lang='lat' dir='ltr'><strong>qui</strong></span> <span class='ocrx_word' id='word_1_644' title='bbox 1302 4583 1509 4658; x_wconf 79' lang='lat' dir='ltr'><strong>occiduntur,</strong></span> <span class='ocrx_word' id='word_1_645' title='bbox 1537 4599 1633 4662; x_wconf 85' lang='lat' dir='ltr'><strong>saepe</strong></span> <span class='ocrx_word' id='word_1_646' title='bbox 1649 4588 1725 4649; x_wconf 89' lang='lat' dir='ltr'><strong>otilo</strong></span> <span class='ocrx_word' id='word_1_647' title='bbox 1741 4596 1852 4652; x_wconf 87' lang='lat' dir='ltr'><strong>estoc-</strong></span> 
     </span>
     <span class='ocr_line' id='line_1_53' title="bbox 69 4661 1852 4747; baseline 0.006 -23"><span class='ocrx_word' id='word_1_648' title='bbox 69 4663 241 4725; x_wconf 85' lang='lat' dir='ltr'><strong>erarcbnm</strong></span> <span class='ocrx_word' id='word_1_649' title='bbox 257 4661 389 4737; x_wconf 85' lang='lat' dir='ltr'><strong>biricae,</strong></span> <span class='ocrx_word' id='word_1_650' title='bbox 406 4664 510 4726; x_wconf 87' lang='lat' dir='ltr'><strong>laudat</strong></span> <span class='ocrx_word' id='word_1_651' title='bbox 524 4681 595 4728; x_wconf 90' lang='lat' dir='ltr'><strong>eum</strong></span> <span class='ocrx_word' id='word_1_652' title='bbox 613 4710 621 4737; x_wconf 90' lang='lat'><strong>,</strong></span> <span class='ocrx_word' id='word_1_653' title='bbox 648 4665 731 4742; x_wconf 85' lang='lat' dir='ltr'><strong>quod</strong></span> <span class='ocrx_word' id='word_1_654' title='bbox 747 4682 858 4742; x_wconf 85' lang='lat' dir='ltr'><strong>inagna</strong></span> <span class='ocrx_word' id='word_1_655' title='bbox 872 4668 940 4730; x_wconf 89' lang='lat' dir='ltr'><strong>celo</strong></span> <span class='ocrx_word' id='word_1_656' title='bbox 986 4665 1070 4742; x_wconf 92' lang='lat' dir='ltr'><strong>cidi,</strong></span> <span class='ocrx_word' id='word_1_657' title='bbox 1087 4667 1211 4744; x_wconf 84' lang='lat' dir='ltr'><strong>quando</strong></span> <span class='ocrx_word' id='word_1_658' title='bbox 1226 4664 1372 4728; x_wconf 74' lang='lat' dir='ltr'><strong>uidelicet</strong></span> <span class='ocrx_word' id='word_1_659' title='bbox 1387 4679 1513 4744; x_wconf 88' lang='lat' dir='ltr'><strong>semper</strong></span> <span class='ocrx_word' id='word_1_660' title='bbox 1534 4664 1612 4728; x_wconf 90' lang='lat' dir='ltr'><strong>liunt</strong></span> <span class='ocrx_word' id='word_1_661' title='bbox 1637 4669 1763 4747; x_wconf 87' lang='lat' dir='ltr'><strong>pejores</strong></span> <span class='ocrx_word' id='word_1_662' title='bbox 1782 4717 1790 4744; x_wconf 93' lang='lat'><strong>,</strong></span> <span class='ocrx_word' id='word_1_663' title='bbox 1821 4680 1852 4733; x_wconf 88' lang='lat' dir='ltr'><strong>et</strong></span> 
     </span>
     <span class='ocr_line' id='line_1_54' title="bbox 69 4745 1868 4844; baseline 0.006 -38"><span class='ocrx_word' id='word_1_664' title='bbox 69 4745 249 4807; x_wconf 82' lang='lat' dir='ltr'><strong>haereticos</strong></span> <span class='ocrx_word' id='word_1_665' title='bbox 275 4745 370 4808; x_wconf 88' lang='lat' dir='ltr'><strong>armis</strong></span> <span class='ocrx_word' id='word_1_666' title='bbox 396 4754 661 4826; x_wconf 84' lang='lat' dir='ltr'><strong>persequeretur,</strong></span> <span class='ocrx_word' id='word_1_667' title='bbox 691 4755 722 4810; x_wconf 91' lang='lat' dir='ltr'><strong>et</strong></span> <span class='ocrx_word' id='word_1_668' title='bbox 747 4748 886 4811; x_wconf 87' lang='lat' dir='ltr'><strong>bortatur</strong></span> <span class='ocrx_word' id='word_1_669' title='bbox 907 4757 940 4812; x_wconf 86' lang='lat' dir='ltr'><strong>ut</strong></span> <span class='ocrx_word' id='word_1_670' title='bbox 985 4763 1048 4844; x_wconf 82' lang='lat' dir='ltr'><strong>non</strong></span> <span class='ocrx_word' id='word_1_671' title='bbox 1070 4754 1119 4810; x_wconf 88' lang='lat' dir='ltr'><strong>est</strong></span> <span class='ocrx_word' id='word_1_672' title='bbox 1140 4746 1301 4828; x_wconf 88' lang='lat' dir='ltr'><strong>probabile</strong></span> <span class='ocrx_word' id='word_1_673' title='bbox 1315 4763 1519 4828; x_wconf 81' lang='lat' dir='ltr'><strong>unquamecs</strong></span> <span class='ocrx_word' id='word_1_674' title='bbox 1533 4748 1572 4812; x_wconf 91' lang='lat' dir='ltr'><strong>ad</strong></span> <span class='ocrx_word' id='word_1_675' title='bbox 1587 4751 1749 4814; x_wconf 87' lang='lat' dir='ltr'><strong>sanitatem</strong></span> <span class='ocrx_word' id='word_1_676' title='bbox 1766 4765 1868 4816; x_wconf 56' lang='lat' dir='ltr'><strong>ment</strong></span> 
     </span>
     <span class='ocr_line' id='line_1_55' title="bbox 70 4833 1853 5008; baseline 0.006 -38"><span class='ocrx_word' id='word_1_677' title='bbox 70 4833 338 4972; x_wconf 47' lang='grc' dir='ltr'><strong>μεἕξὸιιιιιιιιιιι</strong></span> <span class='ocrx_word' id='word_1_678' title='bbox 355 4925 451 4974; x_wconf 87' lang='lat' dir='ltr'><strong>serm.</strong></span> <span class='ocrx_word' id='word_1_679' title='bbox 468 4910 519 4972; x_wconf 83' lang='lat' dir='ltr'><strong>iiii.</strong></span> <span class='ocrx_word' id='word_1_680' title='bbox 535 4911 568 4990; x_wconf 81' lang='lat' dir='ltr'><strong>in</strong></span> <span class='ocrx_word' id='word_1_681' title='bbox 583 4910 723 4974; x_wconf 81' lang='lat' dir='ltr'><strong>cantica:</strong></span> <span class='ocrx_word' id='word_1_682' title='bbox 744 4911 856 4976; x_wconf 79' lang='lat' dir='ltr'><strong>notens</strong></span> <span class='ocrx_word' id='word_1_683' title='bbox 870 4960 879 4977; x_wconf 91' lang='lat'><strong>.</strong></span> <span class='ocrx_word' id='word_1_684' title='bbox 892 4913 939 4974; x_wconf 86' lang='lat' dir='ltr'><strong>in·</strong></span> <span class='ocrx_word' id='word_1_685' title='bbox 985 4833 1356 5006; x_wconf 37' lang='grc' dir='ltr'><strong>118ιιῐιῗέθινιξιηιιιξιθιίιιοιιιιι</strong></span> <span class='ocrx_word' id='word_1_686' title='bbox 1378 4925 1488 4976; x_wconf 83' lang='grc' dir='ltr'>ιιιιιι</span> <span class='ocrx_word' id='word_1_687' title='bbox 1517 4909 1664 5008; x_wconf 67' lang='lat' dir='ltr'><strong>suadent</strong></span> <span class='ocrx_word' id='word_1_688' title='bbox 1677 4913 1853 4981; x_wconf 87' lang='lat' dir='ltr'><strong>haereticos</strong></span> 
     </span>
     <span class='ocr_line' id='line_1_56' title="bbox 70 4990 1850 5080; baseline 0.008 -30"><span class='ocrx_word' id='word_1_689' title='bbox 70 4990 150 5067; x_wconf 81' lang='lat' dir='ltr'><strong>quit,</strong></span> <span class='ocrx_word' id='word_1_690' title='bbox 179 4990 400 5070; x_wconf 65' lang='lat' dir='ltr'><strong>mocutdubr&#39;o</strong></span> <span class='ocrx_word' id='word_1_691' title='bbox 430 4993 541 5071; x_wconf 83' lang='lat' dir='ltr'><strong>plodio</strong></span> <span class='ocrx_word' id='word_1_692' title='bbox 572 4993 796 5058; x_wconf 79' lang='lat' dir='ltr'><strong>cdereerentnr</strong></span> <span class='ocrx_word' id='word_1_693' title='bbox 813 5041 821 5069; x_wconf 93' lang='lat'><strong>,</strong></span> <span class='ocrx_word' id='word_1_694' title='bbox 848 4995 939 5058; x_wconf 83' lang='lat' dir='ltr'><strong>illins</strong></span> <span class='ocrx_word' id='word_1_695' title='bbox 985 4993 1176 5058; x_wconf 88' lang='lat' dir='ltr'><strong>occidendos</strong></span> <span class='ocrx_word' id='word_1_696' title='bbox 1190 5013 1199 5073; x_wconf 84' lang='lat'><em>3</em></span> <span class='ocrx_word' id='word_1_697' title='bbox 1215 5011 1285 5056; x_wconf 88' lang='lat' dir='ltr'><strong>nnm</strong></span> <span class='ocrx_word' id='word_1_698' title='bbox 1301 5011 1434 5074; x_wconf 88' lang='lat' dir='ltr'><strong>prrmum</strong></span> <span class='ocrx_word' id='word_1_699' title='bbox 1451 5000 1565 5057; x_wconf 89' lang='lat' dir='ltr'><strong>nocent</strong></span> <span class='ocrx_word' id='word_1_700' title='bbox 1580 4997 1727 5072; x_wconf 80' lang='lat' dir='ltr'><strong>proximis</strong></span> <span class='ocrx_word' id='word_1_701' title='bbox 1740 5002 1850 5080; x_wconf 85' lang='lat' dir='ltr'><strong>magis,</strong></span> 
     </span>
     <span class='ocr_line' id='line_1_57' title="bbox 67 5073 1853 5157; baseline 0.005 -21"><span class='ocrx_word' id='word_1_702' title='bbox 67 5073 243 5146; x_wconf 71' lang='lat' dir='ltr'><strong>umboni,</strong></span> <span class='ocrx_word' id='word_1_703' title='bbox 266 5075 325 5153; x_wconf 78' lang='lat' dir='ltr'><strong>gul</strong></span> <span class='ocrx_word' id='word_1_704' title='bbox 344 5090 415 5138; x_wconf 87' lang='lat' dir='ltr'><strong>non</strong></span> <span class='ocrx_word' id='word_1_705' title='bbox 434 5075 507 5138; x_wconf 82' lang='lat' dir='ltr'><strong>sinc</strong></span> <span class='ocrx_word' id='word_1_706' title='bbox 521 5091 640 5140; x_wconf 76' lang='lat' dir='ltr'><strong>couno</strong></span> <span class='ocrx_word' id='word_1_707' title='bbox 653 5076 805 5154; x_wconf 82' lang='lat' dir='ltr'><strong>gladium</strong></span> <span class='ocrx_word' id='word_1_708' title='bbox 817 5083 937 5155; x_wconf 85' lang='lat' dir='ltr'><strong>portet,</strong></span> <span class='ocrx_word' id='word_1_709' title='bbox 985 5092 1077 5155; x_wconf 85' lang='lat' dir='ltr'><strong>quam</strong></span> <span class='ocrx_word' id='word_1_710' title='bbox 1092 5078 1177 5140; x_wconf 87' lang='lat' dir='ltr'><strong>nllus</strong></span> <span class='ocrx_word' id='word_1_711' title='bbox 1191 5077 1289 5156; x_wconf 82' lang='lat' dir='ltr'><strong>pirata</strong></span> <span class='ocrx_word' id='word_1_712' title='bbox 1301 5077 1361 5140; x_wconf 77' lang='lat' dir='ltr'><strong>rel</strong></span> <span class='ocrx_word' id='word_1_713' title='bbox 1380 5077 1481 5149; x_wconf 89' lang='lat' dir='ltr'><strong>latro,</strong></span> <span class='ocrx_word' id='word_1_714' title='bbox 1507 5077 1762 5157; x_wconf 73' lang='lat' dir='ltr'><strong>quandoquidem</strong></span> <span class='ocrx_word' id='word_1_715' title='bbox 1788 5083 1853 5146; x_wconf 86' lang='grc' dir='ltr'>ιιι-</span> 
     </span>
     <span class='ocr_line' id='line_1_58' title="bbox 70 5156 1851 5239; baseline 0.006 -21"><span class='ocrx_word' id='word_1_716' title='bbox 70 5156 227 5234; x_wconf 79' lang='lat' dir='ltr'><strong>guornc&#39;n</strong></span> <span class='ocrx_word' id='word_1_717' title='bbox 250 5170 351 5222; x_wconf 65' lang='lat' dir='ltr'><strong>mum</strong></span> <span class='ocrx_word' id='word_1_718' title='bbox 371 5172 516 5221; x_wconf 81' lang='lat' dir='ltr'><strong>errorem</strong></span> <span class='ocrx_word' id='word_1_719' title='bbox 539 5157 660 5222; x_wconf 85' lang='lat' dir='ltr'><strong>multos</strong></span> <span class='ocrx_word' id='word_1_720' title='bbox 691 5157 843 5239; x_wconf 70' lang='lat' dir='ltr'><strong>traiicere</strong></span> <span class='ocrx_word' id='word_1_721' title='bbox 866 5175 939 5238; x_wconf 83' lang='lat' dir='ltr'><strong>per·</strong></span> <span class='ocrx_word' id='word_1_722' title='bbox 985 5158 1210 5223; x_wconf 88' lang='lat' dir='ltr'><strong>masoccidant</strong></span> <span class='ocrx_word' id='word_1_723' title='bbox 1225 5195 1236 5235; x_wconf 82' lang='lat'><strong>,</strong></span> <span class='ocrx_word' id='word_1_724' title='bbox 1252 5159 1347 5222; x_wconf 89' lang='lat' dir='ltr'><strong>immo</strong></span> <span class='ocrx_word' id='word_1_725' title='bbox 1362 5157 1725 5224; x_wconf 75' lang='lat' dir='ltr'><strong>tollnntlnndanentum</strong></span> <span class='ocrx_word' id='word_1_726' title='bbox 1749 5167 1851 5228; x_wconf 84' lang='lat' dir='ltr'><strong>omnis</strong></span> 
     </span>
     <span class='ocr_line' id='line_1_59' title="bbox 69 5237 1851 5324; baseline 0.006 -26"><span class='ocrx_word' id='word_1_727' title='bbox 69 5237 259 5313; x_wconf 70' lang='lat' dir='ltr'><strong>mittentem</strong></span> <span class='ocrx_word' id='word_1_728' title='bbox 274 5237 334 5300; x_wconf 85' lang='lat' dir='ltr'><strong>Pei</strong></span> <span class='ocrx_word' id='word_1_729' title='bbox 356 5240 609 5304; x_wconf 80' lang='lat' dir='ltr'><strong>enimeninieter</strong></span> <span class='ocrx_word' id='word_1_730' title='bbox 634 5241 692 5304; x_wconf 79' lang='lat' dir='ltr'><strong>ille</strong></span> <span class='ocrx_word' id='word_1_731' title='bbox 717 5245 788 5314; x_wconf 86' lang='lat' dir='ltr'><strong>est,</strong></span> <span class='ocrx_word' id='word_1_732' title='bbox 813 5241 941 5307; x_wconf 68' lang='lat' dir='ltr'><strong>nedem</strong></span> <span class='ocrx_word' id='word_1_733' title='bbox 983 5239 1086 5315; x_wconf 89' lang='lat' dir='ltr'><strong>boni,</strong></span> <span class='ocrx_word' id='word_1_734' title='bbox 1116 5248 1148 5306; x_wconf 87' lang='lat' dir='ltr'><strong>et</strong></span> <span class='ocrx_word' id='word_1_735' title='bbox 1175 5241 1320 5322; x_wconf 87' lang='lat' dir='ltr'><strong>rernpnb.</strong></span> <span class='ocrx_word' id='word_1_736' title='bbox 1346 5239 1530 5304; x_wconf 86' lang='lat' dir='ltr'><strong>tumultibus</strong></span> <span class='ocrx_word' id='word_1_737' title='bbox 1556 5240 1705 5318; x_wconf 89' lang='lat' dir='ltr'><strong>replcnl,</strong></span> <span class='ocrx_word' id='word_1_738' title='bbox 1728 5246 1782 5324; x_wconf 84' lang='lat' dir='ltr'><strong>qui</strong></span> <span class='ocrx_word' id='word_1_739' title='bbox 1797 5264 1851 5312; x_wconf 90' lang='lat' dir='ltr'><strong>ne·</strong></span> 
     </span>
     <span class='ocr_line' id='line_1_60' title="bbox 69 5320 1752 5405; baseline 0.005 -24"><span class='ocrx_word' id='word_1_740' title='bbox 69 5320 108 5381; x_wconf 85' lang='grc' dir='ltr'><strong>ιιι</strong></span> <span class='ocrx_word' id='word_1_741' title='bbox 121 5320 211 5382; x_wconf 77' lang='lat' dir='ltr'><strong>irone</strong></span> <span class='ocrx_word' id='word_1_742' title='bbox 233 5321 274 5392; x_wconf 85' lang='lat' dir='ltr'><strong>ei,</strong></span> <span class='ocrx_word' id='word_1_743' title='bbox 292 5321 350 5400; x_wconf 80' lang='lat' dir='ltr'><strong>qui</strong></span> <span class='ocrx_word' id='word_1_744' title='bbox 362 5322 450 5384; x_wconf 84' lang='lat' dir='ltr'><strong>mole</strong></span> <span class='ocrx_word' id='word_1_745' title='bbox 475 5323 553 5400; x_wconf 79' lang='lat' dir='ltr'><strong>cpit.</strong></span> <span class='ocrx_word' id='word_1_746' title='bbox 570 5321 777 5386; x_wconf 84' lang='lat' dir='ltr'><strong>liircbnntur</strong></span> <span class='ocrx_word' id='word_1_747' title='bbox 805 5325 936 5404; x_wconf 83' lang='lat' dir='ltr'><strong>aliqui,</strong></span> <span class='ocrx_word' id='word_1_748' title='bbox 984 5323 1122 5386; x_wconf 87' lang='lat' dir='ltr'><strong>cessario</strong></span> <span class='ocrx_word' id='word_1_749' title='bbox 1137 5324 1325 5405; x_wconf 86' lang='lat' dir='ltr'><strong>religionum</strong></span> <span class='ocrx_word' id='word_1_750' title='bbox 1340 5323 1552 5386; x_wconf 85' lang='lat' dir='ltr'><strong>diversitatem</strong></span> <span class='ocrx_word' id='word_1_751' title='bbox 1565 5332 1752 5404; x_wconf 66' lang='lat' dir='ltr'><strong>secuuntur,</strong></span> 
     </span>
     <span class='ocr_line' id='line_1_61' title="bbox 71 5402 1848 5495; baseline 0.007 -32"><span class='ocrx_word' id='word_1_752' title='bbox 71 5402 130 5478; x_wconf 74' lang='lat' dir='ltr'><strong>qni</strong></span> <span class='ocrx_word' id='word_1_753' title='bbox 149 5417 219 5464; x_wconf 80' lang='lat' dir='ltr'><strong>rnen</strong></span> <span class='ocrx_word' id='word_1_754' title='bbox 228 5405 326 5466; x_wconf 84' lang='lat' dir='ltr'><strong>modo</strong></span> <span class='ocrx_word' id='word_1_755' title='bbox 340 5405 514 5481; x_wconf 78' lang='lat' dir='ltr'><strong>potientes,</strong></span> <span class='ocrx_word' id='word_1_756' title='bbox 530 5405 587 5468; x_wconf 87' lang='lat' dir='ltr'><strong>sed</strong></span> <span class='ocrx_word' id='word_1_757' title='bbox 603 5405 701 5468; x_wconf 80' lang='lat' dir='ltr'><strong>etiarn</strong></span> <span class='ocrx_word' id='word_1_758' title='bbox 722 5406 811 5478; x_wconf 85' lang='lat' dir='ltr'><strong>loeti,</strong></span> <span class='ocrx_word' id='word_1_759' title='bbox 840 5413 877 5470; x_wconf 85' lang='lat' dir='ltr'><strong>ut</strong></span> <span class='ocrx_word' id='word_1_760' title='bbox 890 5409 935 5470; x_wconf 76' lang='lat' dir='ltr'><strong>ui·</strong></span> <span class='ocrx_word' id='word_1_761' title='bbox 1021 5404 1158 5480; x_wconf 82' lang='lat' dir='ltr'><strong>Deinde,</strong></span> <span class='ocrx_word' id='word_1_762' title='bbox 1184 5405 1327 5485; x_wconf 84' lang='lat' dir='ltr'><strong>plurimis</strong></span> <span class='ocrx_word' id='word_1_763' title='bbox 1349 5405 1477 5483; x_wconf 88' lang='lat' dir='ltr'><strong>prodest</strong></span> <span class='ocrx_word' id='word_1_764' title='bbox 1498 5419 1605 5488; x_wconf 82' lang='lat' dir='ltr'><strong>earnm</strong></span> <span class='ocrx_word' id='word_1_765' title='bbox 1631 5409 1848 5495; x_wconf 66' lang='lat' dir='ltr'><strong>suppliciamg</strong></span> 
     </span>
     <span class='ocr_line' id='line_1_62' title="bbox 70 5483 1849 5572; baseline 0.008 -28"><span class='ocrx_word' id='word_1_766' title='bbox 70 5483 262 5551; x_wconf 82' lang='lat' dir='ltr'><strong>debentur.</strong></span> <span class='ocrx_word' id='word_1_767' title='bbox 289 5487 710 5564; x_wconf 71' lang='lat' dir='ltr'><strong>ducerenturcdmortemg</strong></span> <span class='ocrx_word' id='word_1_768' title='bbox 725 5488 784 5550; x_wconf 85' lang='lat' dir='ltr'><strong>aed</strong></span> <span class='ocrx_word' id='word_1_769' title='bbox 808 5490 935 5572; x_wconf 79' lang='lat' dir='ltr'><strong>quinni-</strong></span> <span class='ocrx_word' id='word_1_770' title='bbox 981 5487 1180 5564; x_wconf 85' lang='lat' dir='ltr'><strong>mallienim,</strong></span> <span class='ocrx_word' id='word_1_771' title='bbox 1204 5501 1284 5567; x_wconf 86' lang='lat' dir='ltr'><strong>quos</strong></span> <span class='ocrx_word' id='word_1_772' title='bbox 1314 5487 1486 5564; x_wconf 87' lang='lat' dir='ltr'><strong>impunitas</strong></span> <span class='ocrx_word' id='word_1_773' title='bbox 1507 5485 1641 5550; x_wconf 88' lang='lat' dir='ltr'><strong>iaciebat</strong></span> <span class='ocrx_word' id='word_1_774' title='bbox 1666 5494 1849 5572; x_wconf 74' lang='lat' dir='ltr'><strong>torpentes,</strong></span> 
     </span>
     <span class='ocr_line' id='line_1_63' title="bbox 70 5569 1849 5653; baseline 0.01 -29"><span class='ocrx_word' id='word_1_775' title='bbox 70 5579 134 5626; x_wconf 81' lang='lat' dir='ltr'><strong>ans</strong></span> <span class='ocrx_word' id='word_1_776' title='bbox 151 5569 339 5635; x_wconf 82' lang='lat' dir='ltr'><strong>advertunt,</strong></span> <span class='ocrx_word' id='word_1_777' title='bbox 356 5575 485 5648; x_wconf 82' lang='lat' dir='ltr'><strong>guanto</strong></span> <span class='ocrx_word' id='word_1_778' title='bbox 505 5569 547 5632; x_wconf 88' lang='grc' dir='ltr'><strong>ιιι</strong></span> <span class='ocrx_word' id='word_1_779' title='bbox 559 5573 700 5648; x_wconf 84' lang='lat' dir='ltr'><strong>paleatos</strong></span> <span class='ocrx_word' id='word_1_780' title='bbox 715 5569 851 5646; x_wconf 83' lang='lat' dir='ltr'><strong>diaboli,</strong></span> <span class='ocrx_word' id='word_1_781' title='bbox 866 5587 937 5635; x_wconf 86' lang='lat' dir='ltr'><strong>non</strong></span> <span class='ocrx_word' id='word_1_782' title='bbox 981 5569 1135 5650; x_wconf 86' lang='lat' dir='ltr'><strong>supplicia</strong></span> <span class='ocrx_word' id='word_1_783' title='bbox 1157 5572 1315 5650; x_wconf 87' lang='lat' dir='ltr'><strong>preposita</strong></span> <span class='ocrx_word' id='word_1_784' title='bbox 1330 5571 1480 5643; x_wconf 77' lang='lat' dir='ltr'><strong>accitani,</strong></span> <span class='ocrx_word' id='word_1_785' title='bbox 1494 5575 1528 5632; x_wconf 81' lang='lat' dir='ltr'><strong>ut</strong></span> <span class='ocrx_word' id='word_1_786' title='bbox 1543 5573 1680 5648; x_wconf 87' lang='lat' dir='ltr'><strong>cogitent</strong></span> <span class='ocrx_word' id='word_1_787' title='bbox 1693 5570 1796 5653; x_wconf 74' lang='lat' dir='ltr'><strong>(psalle</strong></span> <span class='ocrx_word' id='word_1_788' title='bbox 1809 5579 1849 5642; x_wconf 83' lang='lat' dir='ltr'><strong>sil</strong></span> 
     </span>
     <span class='ocr_line' id='line_1_64' title="bbox 70 5647 1848 5734; baseline 0.005 -28"><span class='ocrx_word' id='word_1_789' title='bbox 70 5647 175 5708; x_wconf 78' lang='lat' dir='ltr'><strong>solum</strong></span> <span class='ocrx_word' id='word_1_790' title='bbox 188 5650 226 5710; x_wconf 84' lang='lat' dir='ltr'><strong>in</strong></span> <span class='ocrx_word' id='word_1_791' title='bbox 239 5664 378 5728; x_wconf 78' lang='lat' dir='ltr'><strong>empore</strong></span> <span class='ocrx_word' id='word_1_792' title='bbox 392 5651 574 5727; x_wconf 77' lang='lat' dir='ltr'><strong>bominem,</strong></span> <span class='ocrx_word' id='word_1_793' title='bbox 591 5652 648 5714; x_wconf 82' lang='lat' dir='ltr'><strong>sed</strong></span> <span class='ocrx_word' id='word_1_794' title='bbox 660 5652 807 5716; x_wconf 83' lang='lat' dir='ltr'><strong>etiamin</strong></span> <span class='ocrx_word' id='word_1_795' title='bbox 821 5655 935 5734; x_wconf 71' lang='lat' dir='ltr'><strong>cordo,</strong></span> <span class='ocrx_word' id='word_1_796' title='bbox 981 5651 1135 5730; x_wconf 71' lang='lat' dir='ltr'><strong>iecorosis,</strong></span> <span class='ocrx_word' id='word_1_797' title='bbox 1148 5669 1240 5732; x_wconf 78' lang='lat' dir='ltr'><strong>qnam</strong></span> <span class='ocrx_word' id='word_1_798' title='bbox 1255 5659 1441 5731; x_wconf 65' lang='lat' dir='ltr'><strong>munnulus,</strong></span> <span class='ocrx_word' id='word_1_799' title='bbox 1458 5651 1623 5716; x_wconf 77' lang='lat' dir='ltr'><strong>strideant</strong></span> <span class='ocrx_word' id='word_1_800' title='bbox 1646 5671 1684 5718; x_wconf 86' lang='lat' dir='ltr'><strong>ne</strong></span> <span class='ocrx_word' id='word_1_801' title='bbox 1712 5657 1792 5722; x_wconf 81' lang='lat' dir='ltr'><strong>ioris</strong></span> <span class='ocrx_word' id='word_1_802' title='bbox 1807 5663 1848 5722; x_wconf 87' lang='grc' dir='ltr'><strong>ιι.</strong></span> 
     </span>
     <span class='ocr_line' id='line_1_65' title="bbox 143 5741 1608 5806; baseline 0.002 -7"><span class='ocrx_word' id='word_1_803' title='bbox 143 5745 386 5803; x_wconf 71' lang='lat' dir='ltr'><strong>incrassantur.</strong></span> <span class='ocrx_word' id='word_1_804' title='bbox 405 5747 437 5805; x_wconf 88' lang='grc' dir='ltr'><strong>ΙΙ.</strong></span> <span class='ocrx_word' id='word_1_805' title='bbox 1268 5795 1275 5806; x_wconf 86' lang='grc'><strong>,</strong></span> <span class='ocrx_word' id='word_1_806' title='bbox 1520 5741 1555 5802; x_wconf 83' lang='lat' dir='ltr'><strong>tt</strong></span> <span class='ocrx_word' id='word_1_807' title='bbox 1602 5771 1608 5779; x_wconf 90' lang='lat'><em>·</em></span> 
     </span>
    </p>
   </div>
   <div class='ocr_carea' id='block_1_5' title="bbox 0 0 2048 6296">
    <p class='ocr_par' dir='ltr' id='par_1_7' title="bbox 0 0 2048 6296">
     <span class='ocr_line' id='line_1_66' title="bbox 0 0 2048 6296; baseline 0 2"><span class='ocrx_word' id='word_1_808' title='bbox 0 0 2048 6296; x_wconf 95' lang='lat' dir='ltr'><strong> </strong></span> 
     </span>
    </p>
   </div>
  </div>
 </body>
</html>
