4056 6302
860 375 955 433 tlllolt
973 373 1095 434 rftflllls
1189 378 1192 386 '
1740 369 1774 430 ii
1847 371 1849 376 ’

79 503 208 570 staulinf
223 523 239 570 a
254 504 352 588 prima
365 506 573 572 coronatione.
586 505 779 572 reclusiora
792 507 939 574 diaeonus
982 510 1109 575 lebraril
1123 523 1179 588 per
1191 508 1307 590 legulos
1318 500 1623 570 suosfoanneszff.
1637 501 1757 567 Adriani
1769 521 1842 570 suo·

77 611 94 652 a
111 597 211 654 morte
226 590 400 655 Constantis
414 592 509 670 patris
523 591 723 655 Constantini.
982 608 1098 668 cessar,
1120 591 1153 654 in
1174 608 1233 672 qua
1255 591 1383 672 synodo,
1399 591 1543 654 defuncto
1557 587 1618 668 jem
1634 587 1763 668 ignatio,
1778 588 1836 652 ite·

121 673 338 737 Convenerunt
358 674 495 753 episcopi
517 674 588 737 288.
604 679 637 736 ut
652 675 731 737 idem
747 674 857 737 Paulus
873 675 938 738 dia·
982 693 1049 740 rum
1069 673 1226 738 restitutus
1248 680 1294 737 est
1315 673 1450 752 oholius3
1471 678 1513 746 et,
1535 671 1562 734 si
1575 686 1644 733 reru
1659 677 1741 744 sunt,
1758 687 1841 752 quae

76 773 179 820 conus
201 759 338 832 testatur,
362 765 392 819 et
406 757 557 820 consentit
572 771 728 832 numerus,
745 757 797 836 qui
812 757 940 821 habetur
983 757 1089 822 Graeci
1103 757 1207 820 dicunt
1220 756 1252 817 ln
1268 755 1396 820 concilio
1408 755 1571 819 florentino
1583 769 1661 816 sess.
1675 753 1706 816 o.
1719 761 1842 835 atquae
1914 835 1918 840 .

76 839 112 901 iu
133 839 201 902 Vll.
224 840 342 920 synodo
363 845 421 902 act.
444 838 474 902 3.
496 840 575 902 Beda
598 841 744 902 tamenin
762 841 939 905 lindesei
982 841 1075 906 refert
1099 855 1136 906 ex
1156 840 1214 902 hac
1228 839 1344 919 syuodo
1359 836 1538 901 Eroucfscus
1552 836 1717 898 furrianus
1732 836 1764 898 in
1780 836 1836 899 lib.

75 923 243 994 aetatibus,
266 921 487 1000 propefinem,
511 922 646 1002 llhegino
659 923 713 984 lib.
731 925 760 985 1.
776 922 842 986 hdo
856 925 940 988 rien·
984 925 1023 988 de
1037 921 1174 987 eetisz.
1191 921 1254 983 Vll.
1271 927 1301 982 ιι
1316 921 1392 983 Vlll.
1409 921 1528 1001 synodi,
1544 919 1676 982 rescisse
1689 919 1779 996 plane
1790 935 1840 981 ac·

81 1005 206 1081 nensis,
230 1003 464 1082 etEreculphus
479 1005 509 1065 in
525 1004 686 1074 Chronico.
703 1007 803 1068 solum
816 1011 939 1070 centum
982 1013 1010 1070 ta
1033 1005 1245 1086 praecedentis
1266 1005 1386 1083 synodi,
1410 1004 1468 1065 sub
1490 1001 1630 1076 aldana
1653 1001 1840 1081 quinetiam

75 1087 300 1168 quinquaginta
314 1087 417 1148 Patres
428 1093 599 1151 numerant.
611 1087 802 1151 Patriurchae
814 1089 939 1152 fuerunt
984 1094 1146 1162 statutum,
1169 1092 1202 1150 ul
1224 1087 1379 1150 tolleretur
1400 1086 1437 1147 de
1459 1085 1597 1165 symbolo
1619 1084 1670 1146 illa
1695 1083 1842 1162 particula

77 1175 154 1242 duo,
172 1169 319 1250 Georgius
331 1170 677 1248 constantinopolitanus
689 1171 875 1234 etlfaoarius
887 1189 940 1235 en·
983 1171 1150 1319 §Nimim
1170 1170 1225 1234 sed
1247 1168 1279 1231 id
1298 1169 1411 1232 uultum
1425 1167 1518 1231 habet
1531 1165 1839 1232 verisimilitudinem.

75 1253 256 1314 tiocheous.
279 1251 352 1314 flam
373 1251 586 1315 alexandrinae
607 1260 638 1315 et
652 1253 939 1336 hierosolymitanae
1000 1255 1102 1318 dcirco
1117 1252 1204 1317 facile
1219 1251 1292 1314 mibi
1307 1250 1490 1336 persuadeo,
1507 1256 1558 1312 aut
1568 1265 1639 1314 esse
1654 1249 1754 1311 omnia
1767 1263 1845 1312 eou··

77 1333 290 1398 Ecclesiemm
305 1334 405 1396 solum
421 1335 511 1414 legati
527 1335 649 1415 quidam
665 1333 836 1400 adfuerunt.
853 1337 941 1401 Sum·
983 1337 1063 1414 ficta,
1076 1353 1154 1418 quae
1166 1333 1357 1398 dicunturde
1368 1332 1484 1396 Joanue
1494 1331 1572 1394 Vllf.
1585 1337 1618 1396 ut
1629 1349 1655 1394 s.
1670 1332 1842 1395 Antoninus

79 1433 151 1478 mus
173 1431 298 1496 auoque
318 1415 453 1498 pontifex
473 1418 586 1496 Agatho
607 1417 792 1497 perlegales
806 1437 879 1482 suos
893 1419 940 1482 in·
985 1421 1076 1484 docet
1089 1423 1121 1482 in
1137 1421 1259 1482 Summa
1275 1415 1423 1480 historiali
1438 1423 1514 1496 part.
1531 1415 1560 1478 3.
1577 1419 1621 1478 tit.
1638 1413 1688 1477 22.
1703 1431 1771 1490 cap.
1786 1415 1837 1478 13.

75 1500 183 1562 lerfuit
198 1506 229 1562 et
244 1498 406 1578 praesedit.
422 1498 458 1561 ln
473 1515 507 1561 ιι
519 1501 636 1580 synodo
661 1500 799 1564 damnula
812 1503 941 1566 esthae·
1021 1504 1071 1566 fo.
1094 1507 1146 1566 aut
1166 1507 1248 1564 certe
1282 1515 1387 1563 rerum
1408 1499 1530 1578 quidem
1553 1513 1634 1574 csse,
1660 1496 1801 1559 Photium
1822 1515 1840 1560 a

75 1582 160 1644 resis
181 1597 302 1654 eorum,
325 1582 376 1660 qul
393 1597 482 1644 unam
498 1589 612 1644 tantum
628 1584 658 1644 iu
674 1581 792 1647 Christo
806 1587 941 1648 volunta·
973 1619 974 1622 =
1001 1601 1098 1648 oanne
1119 1583 1200 1648 llll.
1217 1599 1271 1662 per
1284 1583 1401 1662 legatos
1414 1581 1584 1643 restitutum
1599 1581 1629 1641 in
1646 1579 1751 1641 sedern
1767 1595 1841 1642 con-

78 1671 142 1727 tem
159 1679 233 1728 esse
249 1663 399 1726 uolebant.
416 1664 492 1727 Vide
507 1666 545 1728 de
561 1666 617 1726 bac
631 1667 749 1748 synodo
763 1673 883 1746 praeter
898 1669 941 1732 ci·
982 1667 1279 1745 stantinopulfranam
1306 1670 1374 1743 post
1399 1669 1525 1727 mortem
1541 1662 1660 1743 lgnefii3
1676 1668 1705 1722 at
1722 1665 1842 1726 caetera

77 1751 158 1808 latos
180 1752 335 1810 auctores.
361 1746 518 1810 Alberlum
545 1748 682 1828 oighfum
710 1749 741 1811 in
763 1749 888 1814 diatriba
911 1757 941 1815 et
982 1751 1172 1832 supposititia
1198 1753 1228 1812 et
1254 1747 1423 1810 adulterina
1438 1761 1532 1818 esse,
1553 1753 1613 1807 eta
1630 1745 1753 1807 Graecis
1767 1761 1842 1808 con·

76 1829 280 1894 Eraociscum
302 1830 481 1892 furrianum
495 1831 528 1892 iu
542 1830 680 1910 apologia
696 1847 750 1910 pro
767 1832 814 1894 Vl.
830 1840 860 1896 et
873 1833 939 1898 Vlf.
982 1833 1063 1908 ficta,
1080 1839 1112 1898 ut
1126 1847 1163 1896 ex
1178 1831 1318 1896 Eanuele
1333 1829 1450 1896 Calleca
1463 1827 1627 1891 Turriauus
1639 1826 1772 1890 ostendit
1782 1826 1841 1891 lib.

76 1913 214 1992 syuodo.
230 1911 373 1976 ltlbenus
385 1912 535 1975 enimbas
549 1914 771 1996 duassyoodos
783 1921 897 1978 sextam
911 1922 942 1980 et
984 1917 1086 1983 citato.
1185 1919 1188 1924 '
1432 1953 1435 1960 Δ
1916 1917 1918 1923 ’

77 1995 248 2072 septimam
266 2039 274 2068 ,
297 2001 332 2058 ut
351 1995 443 2057 modo
459 2002 570 2070 extant,
586 1995 771 2059 adulterinas
786 2003 816 2061 et
829 2015 942 2079 suppo·
1024 1998 1191 2064 confirmor
1212 2002 1311 2060 aulem
1327 1995 1357 2057 in
1372 1995 1430 2058 hac
1444 1991 1604 2064 sententia,
1622 1995 1684 2054 tum
1701 1991 1770 2072 quia
1786 1991 1842 2054 Zo-

74 2077 191 2140 sititias
214 2091 285 2140 esse
307 2077 459 2140 concedit.
489 2077 596 2142 Contra
618 2079 782 2142 turrianus
802 2096 890 2144 aeras
911 2086 942 2145 et
983 2099 1072 2144 naras
1088 2080 1224 2144 menrlnil
1238 2080 1363 2160 quidem
1378 2076 1576 2139 restitutionis
1589 2074 1697 2150 oholii,
1712 2089 1772 2136 non
1785 2091 1839 2137 eu·

76 2175 245 2240 germanas
267 2175 336 2223 esse
357 2160 458 2223 docet.
481 2158 558 2234 Quid
580 2159 670 2223 nobis
691 2161 791 2225 rerios
804 2161 943 2230 rideatur
984 2173 1045 2228 lem
1059 2163 1263 2242 abnegationis
1278 2160 1400 2224 concilii
1413 2157 1492 2222 thf.
1509 2175 1567 2221 nec
1582 2157 1743 2220 ablationis
1758 2156 1843 2220 illius

76 2243 109 2304 io
124 2242 183 2304 ffb.
200 2243 233 2304 4.
250 2242 289 2305 de
305 2241 447 2319 pontifice
463 2258 530 2322 cap.
548 2244 597 2305 11.
611 2244 674 2324 jarn
689 2245 919 2323 explicavimus.
984 2248 1149 2328 particulae
1164 2243 1338 2328 (rectoque)
1354 2261 1391 2307 ex
1405 2241 1557 2323 symbofo;
1573 2247 1636 2303 tum
1653 2241 1754 2316 etiam,
1770 2241 1842 2318 quia

50 2363 52 2368 -
122 2323 264 2404 Septima
285 2325 424 2402 synodus
444 2329 534 2404 apud
545 2325 684 2388 Nicaeum
699 2335 880 2408 congregata
895 2337 943 2392 est
984 2330 1090 2395 Graeci
1102 2329 1132 2394 in
1145 2325 1448 2392 coucilioflorentiuo
1460 2339 1540 2387 sess.
1554 2323 1584 2386 o.
1599 2339 1658 2384 noo
1671 2327 1843 2402 agnoscunt

76 2423 161 2469 anno
184 2407 263 2470 foI.
287 2405 476 2470 Constantini
490 2414 521 2470 et
534 2407 653 2483 Irenae,
669 2415 702 2472 ut
715 2410 941 2476 seribuot‘Pau·
970 2429 1038 2495 -pro
1060 2411 1177 2490 synodo
1192 2409 1388 2474 oecumenica
1404 2407 1568 2470 concilium
1587 2406 1661 2468 illud
1678 2404 1736 2466 sub
1749 2405 1842 2466 Juao·

76 2487 129 2552 lus
146 2489 297 2553 diaeonus
311 2489 367 2552 lib.
383 2489 433 2552 23.
450 2505 551 2553 rerum
566 2505 769 2562 romanarum,
786 2499 818 2554 ιι
831 2491 942 2557 Cedre-
984 2511 1023 2559 ne
1037 2493 1118 2560 fof.
1134 2493 1191 2558 etsi
1204 2493 1267 2556 illls
1282 2493 1409 2554 multum
1422 2489 1571 2570 prodesse
1580 2492 1741 2568 potuisset,
1756 2487 1782 2548 si
1798 2489 1844 2549 le·

76 2589 141 2634 nus
158 2571 188 2633 fn
202 2573 385 2652 compendio
397 2571 792 2637 historiarum.Euiluutem
804 2576 831 2638 is
842 2593 942 2642 annus
984 2579 1122 2658 gilimum
1155 2583 1184 2640 el
1205 2591 1381 2656 gennanum
1410 2573 1574 2636 concilium
1595 2571 1714 2634 fuisset.
1747 2569 1845 2649 itque

77 2653 196 2717 Christi
213 2654 283 2717 181.
299 2656 326 2718 si
340 2654 432 2717 Paulo
446 2655 575 2719 diacono
589 2656 755 2731 credimus,
768 2659 815 2720 rel
830 2658 900 2722 186.
914 2662 940 2725 ιι
982 2662 1132 2724 hactenus
1153 2660 1192 2722 de
1214 2657 1354 2721 conciliis
1366 2655 1577 2732 *orientalibus
1594 2669 1677 2740 nuuc
1691 2652 1841 2716 addemus

75 2737 238 2798 eredimus
261 2736 412 2801 cedreno.
434 2737 612 2814 onuphrius
633 2741 718 2816 ponit
736 2755 849 2803 enarum
864 2741 941 2806 Con·
984 2744 1116 2808 breviter
1130 2739 1341 2804 occidentalia.

79 2819 212 2882 stanlini
232 2820 272 2882 X.
295 2825 326 2882 et
347 2818 456 2883 Christi
472 2819 545 2900 too,
557 2823 674 2885 Psellus
689 2839 786 2884 annos
800 2824 942 2890 duntaxat
1024 2825 1140 2891 Nonum
1163 2824 1328 2888 concillum
1350 2826 1395 2886 est
1409 2822 1600 2884 lateranense
1614 2817 1759 2892 Primum,
1777 2817 1845 2896 epi-

76 2903 127 2962 oo.
146 2902 230 2965 inter
241 2907 355 2966 sextam
368 2909 397 2964 el
409 2904 567 2982 septimam
581 2906 730 2986 synodum
743 2921 812 2967 esse
826 2909 939 2988 rolunl;
984 2923 1147 2988 scoparum
1169 2905 1240 2969 ooo.
1264 2905 1449 2983 etamplius,
1466 2919 1546 2966 anno
1563 2900 1653 2963 1123.
1670 2905 1773 2963 ιοιιιι
1789 2900 1844 2992 8ι·Ι

78 2986 162 3060 quod
186 2985 380 3048 nullomodo
395 3001 463 3048 eum
478 2986 602 3050 veritate
617 2989 770 3050 cohaeret.
787 2988 942 3069 ideoquf·
983 3007 1133 3054 racemos.
1157 3006 1212 3072 pro
1233 2989 1440 3067 recuperanda
1463 2993 1541 3050 terra
1563 2989 1683 3059 saneta,
1706 2991 1765 3045 lem
1790 2997 1845 3047 ore

76 3069 148 3128 darn
165 3069 315 3131 mendum
331 3083 401 3130 esse
415 3074 522 3147 putant
536 3069 737 3143 librariorum,
755 3087 791 3132 ac
806 3071 938 3136 Psellum
984 3073 1097 3139 Callisti
1113 3073 1153 3138 fl.
1171 3079 1200 3134 et
1214 3070 1338 3133 Henriol
1354 3071 1388 3134 V.
1403 3070 1605 3151 imperatoris.
1620 3065 1747 3141 Plotina,
1760 2999 1845 3130 gna.

78 3151 186 3229 ipsum
209 3167 308 3213 annos
322 3156 442 3214 centum
458 3155 631 3230 scripsisse.
650 3151 862 3217 Convenerunt
875 3157 941 3236 epi·
984 3157 1102 3239 pbrius.
1117 3157 1183 3222 flou
1199 3158 1306 3218 exstat.

76 3234 180 3310 scopi,
197 3240 231 3295 ul
244 3235 328 3295 idem
343 3234 461 3295 osellus
476 3232 570 3297 habet
580 3234 650 3298 3511.
664 3252 680 3297 ι
693 3236 804 3314 quibus
816 3239 940 3315 patrior-
1023 3240 1179 3302 oecimnnr
1196 3241 1243 3300 est
1256 3237 1448 3300 lateranense
1462 3229 1503 3296 ΙΙ.
1515 3229 1730 3312 episcoporum
1743 3219 1840 3307 milio,

77 3318 135 3376 cha
150 3331 238 3379 uuus
251 3316 307 3379 fuit
320 3314 484 3378 Therasius
498 3319 854 3397 constantinopolitanus,
871 3334 939 3384 cae·
983 3339 1063 3387 enno
1080 3322 1168 3385 1139.
1183 3325 1285 3384 eontra
1298 3318 1467 3398 antipapae.
1482 3320 1513 3378 et
1524 3330 1577 3392 pro
1587 3314 1657 3396 juro
1669 3313 1755 3384 oleri,
1768 3320 1844 3375 tem·

76 3406 217 3460 terarum
248 3397 485 3478 patriarcharum
517 3400 615 3462 solum
648 3403 736 3481 legati
765 3402 936 3467 adfuerunt.
986 3395 1841 3485 pcrelnnocentiffl.etLothariiimperatoris.Plotina,

82 3481 240 3544 Adrianus
261 3497 338 3562 popa
361 3497 416 3560 per
435 3482 552 3560 legatos
566 3499 639 3546 suos
652 3484 817 3563 praesedit,
833 3501 868 3548 ae
883 3503 943 3550 una
988 3487 1174 3568 onuphrius.
1191 3487 1252 3548 don
1268 3490 1374 3547 exstat.
1412 3489 1414 3492 ’

80 3580 154 3624 eum
170 3564 287 3644 reliqua
303 3565 421 3643 synodo
436 3579 490 3624 eos
503 3566 665 3636 damnarit,
681 3568 732 3644 qui
745 3583 845 3629 sacras
859 3568 942 3630 Chri·
1027 3570 1225 3632 Undecimum
1242 3573 1290 3631 est
1302 3567 1493 3629 lateranense
1509 3563 1562 3626 111.
1574 3559 1844 3642 episcoporumfo·

82 3647 122 3706 sti
140 3653 172 3707 et
186 3654 359 3710 sauctorum
373 3644 522 3726 imagines
535 3650 616 3710 omni
630 3649 745 3712 bonore
758 3650 941 3729 spoliabant.
970 3648 1019 3717 're
1034 3653 1106 3724 ooo.
1122 3668 1177 3734 pro
1192 3649 1403 3714 reformatione
1417 3647 1585 3714 Ecclesiae.
1602 3650 1632 3708 ιι
1646 3650 1749 3706 contra
1763 3644 1844 3706 Wal-

78 3728 126 3790 De
148 3731 209 3791 hec
230 3727 347 3810 synodo
367 3726 448 3805 ride,
466 3728 492 3790 si
508 3731 711 3808 placendum
726 3747 783 3794 nos
797 3732 943 3797 disserui·
987 3735 1112 3810 densae,
1135 3751 1214 3796 annu
1230 3732 1320 3796 11811.
1336 3736 1473 3810 tempore
1487 3727 1647 3792 alexandri
1662 3725 1716 3787 lll.
1732 3731 1763 3788 et
1777 3725 1842 3789 Fri·

78 3828 162 3884 mus,
181 3829 252 3875 cum
267 3825 427 3890 ageremus
442 3812 481 3872 de
491 3813 622 3875 concilio
632 3812 893 3894 francofordiensi,
910 3817 941 3880 in
986 3817 1080 3881 derlcl
1095 3817 1121 3878 1.
1136 3815 1338 3896 imperatoris.
1354 3815 1479 3880 Plotina.
1493 3809 1681 3889 0uuphrlus,
1695 3807 1838 3871 item'ou·

78 3894 289 3971 disputatione
305 3893 343 3956 de
358 3895 440 3955 cultu
455 3893 633 3975 imaginum.
783 3909 787 3920 ’
985 3900 1108 3965 llelmus
1123 3900 1241 3982 Tyrius,
1259 3900 1310 3979 qui
1325 3895 1461 3961 interfuit
1474 3895 1529 3958 lib.
1539 3893 1597 3956 20.
1611 3893 1649 3956 de
1661 3892 1743 3956 bello
1755 3904 1843 3976 sacro

125 3977 239 4038 Oetaea
262 3975 398 4058 synodus
419 3979 649 4042 estoonellium
671 3977 720 4042 lV.
736 3981 940 4043 constantino·
984 4000 1014 4047 c.
1029 3984 1081 4047 28.

78 4059 265 4138 politanum,
288 4059 368 4140 quod
391 4058 576 4122 celebratum
597 4069 643 4123 ιιι
656 4061 787 4126 hdrlano
802 4062 842 4124 If.
858 4079 940 4126 surn-
1025 4064 1245 4128 Duodecimum
1266 4069 1315 4127 est
1334 4062 1527 4125 lateranense
1547 4057 1596 4124 lV.
1613 4057 1734 4119 Petrum
1750 4052 1844 4138 taes:

82 4157 135 4203 mo
155 4142 315 4220 pontifice,
332 4145 363 4202 ιι
377 4140 487 4203 Basilio
500 4145 644 4224 Auguste,
661 4159 742 4206 anno
755 4147 844 4207 tertio
859 4147 941 4225 ejus·
986 4164 1023 4213 ex
1044 4148 1156 4226 ouibus
1178 4154 1264 4210 erant
1278 4146 1413 4227 episcopi
1430 4145 1520 4207 1513.
1537 4157 1617 4204 anno
1634 4139 1723 4201 1215.
1740 4144 1844 4201 contra

79 4227 151 4286 dem
175 4225 292 4298 basilii,
314 4228 347 4288 ut
365 4224 397 4285 ln
418 4224 484 4302 ipsa
506 4227 622 4306 synodo
638 4231 700 4288 ecta
715 4226 810 4307 prima
826 4229 943 4308 signifi·
985 4231 1084 4295 uarias
1098 4231 1256 4295 haereses.
1272 4237 1303 4292 ιι
1317 4244 1372 4307 pro
1388 4234 1464 4290 terra
1477 4230 1590 4301 saneta,
1604 4229 1741 4299 tempore
1753 4219 1846 4314 Iuno·

79 4313 162 4382 eant,
179 4308 232 4383 uui
248 4306 553 4372 annuserutoomini
565 4307 637 4371 8111.
651 4308 940 4391 Conveneruntepi·
987 4313 1078 4378 rentii
1099 4312 1154 4376 ΙΙΙ.
1184 4319 1215 4376 ιι
1234 4311 1380 4376 Eriderloi
1401 4310 1440 4373 11.
1473 4309 1640 4372 lfatthacus
1659 4305 1842 4376 Palmenus,

79 4388 168 4468 scopi
185 4389 257 4452 383.
272 4389 681 4472 equibusunospatriarcha
694 4392 829 4471 obolius,
843 4409 878 4457 ac
890 4394 943 4458 de·
988 4395 1176 4474 onuphrius,
1197 4395 1324 4461 Plotina.

77 4472 155 4534 inde
170 4472 308 4552 lgnatius
323 4472 681 4555 constantinopolitanus,
698 4476 809 4540 caeteri
825 4492 881 4557 per
893 4477 936 4540 le·
1027 4476 1313 4542 Tertiumdeeimum
1335 4482 1382 4539 est
1394 4473 1588 4558 lugdunense
1602 4470 1746 4538 Primum.
1762 4481 1844 4530 anuo

75 4559 169 4633 gelos
184 4554 357 4618 adfuerunt.
989 4561 1079 4624 1213.
1096 4567 1197 4623 ιιιιιι
1214 4561 1425 4639 imperatorem
1441 4557 1638 4623 Eriderienm.
1656 4560 1751 4630 elpro
1765 4558 1843 4612 terra

124 4637 179 4700 Est
201 4645 302 4700 autern
325 4639 382 4701 buo
404 4635 472 4698 foco
486 4638 796 4717 animadvertendum,
813 4647 875 4704 tres
889 4658 939 4723 sy·
988 4651 1101 4720 sancta,
1118 4651 1254 4722 tempore
1270 4642 1437 4705 Innocenlli
1453 4640 1503 4704 IV.
1519 4645 1550 4702 el
1564 4636 1709 4701 Erideriei
1719 4634 1758 4696 11.
1772 4633 1845 4695 llat-

75 4715 182 4781 riodus
202 4721 234 4782 in
250 4737 357 4784 caussa
374 4718 473 4782 Photii
488 4721 747 4800 Constantinopoli
763 4724 942 4789 celebratas.
988 4727 1096 4790 thaeus
1117 4721 1212 4790 Palm.
1234 4725 1369 4798 Plotina,
1394 4723 1580 4804 onuphrius.
1603 4721 1728 4782 Exstant
1748 4716 1842 4797 hujus

78 4801 145 4862 ona
169 4809 306 4883 tempore
327 4803 438 4871 Nicolai
455 4804 479 4866 1.
494 4804 658 4882 pontificis
675 4812 705 4868 et
719 4805 874 4870 bichielis
888 4808 942 4870 im·
987 4809 1109 4874 concilii
1131 4809 1230 4887 aliqua
1245 4812 1365 4872 decreta
1380 4809 1411 4869 in
1427 4808 1517 4870 Sexto
1532 4801 1741 4867 decretalium.

79 4888 234 4962 peratoris
254 4889 405 4954 celebrata
420 4893 477 4958 est,
495 4887 524 4947 in
541 4903 598 4968 qua
614 4887 772 4966 depositus
786 4890 841 4951 fuit
854 4891 942 4970 lgna·
1029 4892 1324 4969 oecimumouarturu
1338 4897 1384 4953 est
1396 4887 1637 4970 lugdunenselt.
1648 4884 1768 4946 Petrum
1779 4879 1845 4946 fere

77 4968 154 5040 lius,
180 4975 210 5030 et
230 4971 389 5035 ordinatus
410 4968 655 5050 Pbotius3‘cujus
677 4971 784 5052 synodi
800 4973 938 5036 meminit
987 4975 1083 5050 mille,
1106 4991 1143 5038 ιιι
1165 4975 1277 5054 quibos
1298 4975 1435 5052 episcopi
1459 4976 1544 5036 erant
1563 4968 1635 5032 boo.
1651 4981 1732 5028 auno
1749 4963 1841 5027 1211.

77 5049 215 5113 Zonaras
235 5052 267 5114 in
287 5055 344 5115 afta
367 5051 535 5129 hfiehielis3
557 5067 616 5114 uec
637 5060 685 5115 est
705 5053 844 5125 dubium,
861 5056 941 5119 banc
986 5064 1089 5121 contra
1112 5071 1244 5120 errorem
1268 5058 1461 5130 Graecorum,
1483 5060 1620 5132 tempore
1642 5050 1732 5130 oreg.
1753 5047 1791 5111 lt.
1813 5053 1845 5110 et

73 5132 178 5194 fuisse
196 5135 351 5212 profanam
366 5137 529 5218 synodum,
545 5143 577 5198 ut
591 5141 673 5216 patet
688 5151 725 5200 ex
739 5137 878 5216 epistolis
892 5137 941 5202 llf-
986 5139 1136 5220 flodulphi
1168 5139 1371 5216 imperatoris.
1403 5137 1570 5200 Matthaeus
1590 5133 1684 5198 Palm.
1707 5131 1844 5204 Platim,

73 5215 157 5276 colai
174 5215 200 5277 t.
217 5222 248 5279 et
262 5216 383 5282 Adriani
399 5219 440 5282 ll.
987 5222 1174 5303 onuphrius.
1202 5221 1327 5284 Exstant
1348 5237 1386 5284 ex
1406 5220 1466 5284 hoc
1487 5217 1618 5284 concilio
1639 5215 1789 5298 quaedam
1810 5213 1844 5276 lu

117 5297 222 5360 Altera
244 5301 381 5380 synodus
403 5305 450 5366 est
470 5313 518 5375 ιι,
541 5314 631 5378 ouem
645 5299 843 5366 nosdiximus
860 5307 941 5366 octa·
987 5305 1079 5370 Sexto
1094 5305 1304 5370 decretalium.
1366 5304 1372 5318 ¹

74 5395 169 5450 ram.
195 5397 273 5460 quae
295 5391 406 5460 exstat,
429 5383 565 5465 quamuis
586 5384 772 5463 imperfecta,
797 5385 828 5447 in
852 5385 941 5450 tomis
1027 5387 1325 5459 Decimumnuintum
1347 5389 1395 5449 est
1414 5383 1606 5458 viennense,
1629 5381 1844 5462 episcoporum

75 5464 296 5541 conciliorum,
320 5467 350 5528 in
367 5483 426 5548 qua
440 5466 581 5545 deposito
597 5467 713 5540 Pboou,
729 5465 837 5530 ilerum
853 5469 941 5530 resti·
985 5469 1057 5533 ooo.
1081 5485 1161 5532 anno
1184 5469 1275 5532 1311.
1298 5475 1401 5532 contra
1420 5468 1518 5531 varias
1533 5467 1689 5540 haereses,
1705 5469 1845 5542 tempore

75 5551 164 5607 tutus
180 5552 228 5609 est
242 5544 389 5628 lgnatius,
407 5556 496 5627 atque
511 5547 605 5627 huius
618 5549 941 5632 synodimeminltzo·
987 5551 1153 5616 Clementis
1174 5551 1210 5615 V.
1233 5557 1262 5614 ιι
1282 5547 1407 5615 Henrici
1427 5549 1493 5614 VII.
1508 5545 1845 5630 imperatorlsaePalme·

78 5643 174 5690 naras
189 5629 222 5691 in
237 5631 294 5693 rita
310 5631 417 5695 Basilii
427 5631 629 5711 imperatoris.
984 5633 1063 5712 rius,
1085 5635 1216 5712 Plotina,
1239 5633 1426 5714 onuphrius.
1449 5633 1574 5696 Exstant
1588 5649 1625 5696 ex
1639 5631 1699 5696 boc
1712 5627 1845 5696 concilio

117 5711 222 5776 Tertia
241 5718 291 5778 est
304 5729 351 5797 ca,
368 5728 458 5799 quam
473 5721 610 5796 tempore
625 5715 763 5798 eiusdem
777 5714 879 5782 Basilii
890 5733 940 5783 ee·
984 5717 1119 5798 decreta,
1135 5733 1214 5801 quae
1227 5717 1369 5785 dicuutur
1382 5715 1603 5784 clementinae.
