<?xml version="1.0" encoding="UTF-8"?>
<!DOCTYPE html PUBLIC "-//W3C//DTD XHTML 1.0 Transitional//EN"
    "http://www.w3.org/TR/xhtml1/DTD/xhtml1-transitional.dtd">
<html xmlns="http://www.w3.org/1999/xhtml" xml:lang="en" lang="en">
 <head>
  <title>
</title>
<meta http-equiv="Content-Type" content="text/html;charset=utf-8" />
  <meta name='ocr-system' content='tesseract 3.04.00' />
  <meta name='ocr-capabilities' content='ocr_page ocr_carea ocr_par ocr_line ocrx_word'/>
</head>
<body>
  <div class='ocr_page' id='page_1' title='image "./operaomnia02sforgoog/operaomnia02sforgoog_0110.png"; bbox 0 0 4082 6300; ppageno 0'>
   <div class='ocr_carea' id='block_1_1' title="bbox 835 377 1786 438">
    <p class='ocr_par' dir='ltr' id='par_1_1' title="bbox 835 377 1786 438">
     <span class='ocr_line' id='line_1_1' title="bbox 835 377 1786 438; baseline -0.003 -2"><span class='ocrx_word' id='word_1_1' title='bbox 835 379 933 438; x_wconf 77' lang='lat' dir='ltr'><strong>lleelt</strong></span> <span class='ocrx_word' id='word_1_2' title='bbox 950 378 1091 438; x_wconf 78' lang='lat' dir='ltr'>TERTIUS</span> <span class='ocrx_word' id='word_1_3' title='bbox 1734 377 1786 434; x_wconf 81' lang='lat' dir='ltr'><strong>lue</strong></span> 
     </span>
    </p>
   </div>
   <div class='ocr_carea' id='block_1_2' title="bbox 83 507 1862 1256">
    <p class='ocr_par' dir='ltr' id='par_1_2' title="bbox 83 507 1862 1256">
     <span class='ocr_line' id='line_1_2' title="bbox 88 507 1860 593; baseline 0 -19"><span class='ocrx_word' id='word_1_4' title='bbox 88 511 154 574; x_wconf 88' lang='lat' dir='ltr'><strong>siaa</strong></span> <span class='ocrx_word' id='word_1_5' title='bbox 171 511 231 574; x_wconf 87' lang='lat' dir='ltr'><strong>rim</strong></span> <span class='ocrx_word' id='word_1_6' title='bbox 248 510 359 575; x_wconf 88' lang='lat' dir='ltr'><strong>iaeiaut</strong></span> <span class='ocrx_word' id='word_1_7' title='bbox 370 513 403 575; x_wconf 92' lang='lat' dir='ltr'><strong>iu</strong></span> <span class='ocrx_word' id='word_1_8' title='bbox 418 527 456 576; x_wconf 88' lang='lat' dir='ltr'><strong>eo</strong></span> <span class='ocrx_word' id='word_1_9' title='bbox 472 527 542 587; x_wconf 86' lang='lat' dir='ltr'><strong>usu,</strong></span> <span class='ocrx_word' id='word_1_10' title='bbox 559 512 610 593; x_wconf 89' lang='lat' dir='ltr'><strong>qui</strong></span> <span class='ocrx_word' id='word_1_11' title='bbox 626 527 709 576; x_wconf 84' lang='lat' dir='ltr'><strong>nune</strong></span> <span class='ocrx_word' id='word_1_12' title='bbox 731 517 779 576; x_wconf 86' lang='lat' dir='ltr'><strong>est</strong></span> <span class='ocrx_word' id='word_1_13' title='bbox 792 557 800 588; x_wconf 90' lang='lat'>,</span> <span class='ocrx_word' id='word_1_14' title='bbox 813 513 952 576; x_wconf 79' lang='lat' dir='ltr'><strong>ultimam</strong></span> <span class='ocrx_word' id='word_1_15' title='bbox 997 511 1176 591; x_wconf 82' lang='lat' dir='ltr'><strong>bationem3</strong></span> <span class='ocrx_word' id='word_1_16' title='bbox 1198 517 1230 575; x_wconf 89' lang='lat' dir='ltr'><strong>et</strong></span> <span class='ocrx_word' id='word_1_17' title='bbox 1249 510 1429 593; x_wconf 71' lang='lat' dir='ltr'><strong>praesertim</strong></span> <span class='ocrx_word' id='word_1_18' title='bbox 1451 509 1517 584; x_wconf 86' lang='lat' dir='ltr'><strong>illi,</strong></span> <span class='ocrx_word' id='word_1_19' title='bbox 1538 508 1590 590; x_wconf 86' lang='lat' dir='ltr'><strong>qui</strong></span> <span class='ocrx_word' id='word_1_20' title='bbox 1607 507 1735 573; x_wconf 84' lang='lat' dir='ltr'><strong>aberant</strong></span> <span class='ocrx_word' id='word_1_21' title='bbox 1759 511 1860 574; x_wconf 88' lang='lat' dir='ltr'><strong>allie-</strong></span> 
     </span>
     <span class='ocr_line' id='line_1_3' title="bbox 84 591 1861 676; baseline 0.001 -22"><span class='ocrx_word' id='word_1_22' title='bbox 84 593 246 657; x_wconf 88' lang='lat' dir='ltr'><strong>eaadelam</strong></span> <span class='ocrx_word' id='word_1_23' title='bbox 262 609 324 658; x_wconf 90' lang='lat' dir='ltr'><strong>nou</strong></span> <span class='ocrx_word' id='word_1_24' title='bbox 346 594 568 676; x_wconf 74' lang='lat' dir='ltr'><strong>extinguendi:</strong></span> <span class='ocrx_word' id='word_1_25' title='bbox 595 595 697 675; x_wconf 79' lang='lat' dir='ltr'><strong>&#39;petest</strong></span> <span class='ocrx_word' id='word_1_26' title='bbox 717 611 786 659; x_wconf 89' lang='lat' dir='ltr'><strong>eum</strong></span> <span class='ocrx_word' id='word_1_27' title='bbox 803 593 952 659; x_wconf 78' lang='lat' dir='ltr'><strong>abulensi</strong></span> <span class='ocrx_word' id='word_1_28' title='bbox 997 595 1151 669; x_wconf 87' lang='lat' dir='ltr'><strong>rusalam,</strong></span> <span class='ocrx_word' id='word_1_29' title='bbox 1168 599 1199 658; x_wconf 90' lang='lat' dir='ltr'><strong>et</strong></span> <span class='ocrx_word' id='word_1_30' title='bbox 1212 593 1290 658; x_wconf 90' lang='lat' dir='ltr'><strong>nihil</strong></span> <span class='ocrx_word' id='word_1_31' title='bbox 1305 595 1344 658; x_wconf 89' lang='lat' dir='ltr'><strong>de</strong></span> <span class='ocrx_word' id='word_1_32' title='bbox 1355 592 1476 657; x_wconf 81' lang='lat' dir='ltr'><strong>christo</strong></span> <span class='ocrx_word' id='word_1_33' title='bbox 1490 592 1661 656; x_wconf 71' lang='lat' dir='ltr'><strong>audierant.</strong></span> <span class='ocrx_word' id='word_1_34' title='bbox 1677 591 1714 654; x_wconf 79' lang='lat' dir='ltr'><strong>Et</strong></span> <span class='ocrx_word' id='word_1_35' title='bbox 1728 608 1804 656; x_wconf 86' lang='lat' dir='ltr'><strong>sane</strong></span> <span class='ocrx_word' id='word_1_36' title='bbox 1817 594 1861 656; x_wconf 83' lang='lat' dir='ltr'><strong>ri·</strong></span> 
     </span>
     <span class='ocr_line' id='line_1_4' title="bbox 83 674 1858 759; baseline 0 -21"><span class='ocrx_word' id='word_1_37' title='bbox 83 674 270 754; x_wconf 80' lang='lat' dir='ltr'><strong>responderi</strong></span> <span class='ocrx_word' id='word_1_38' title='bbox 285 684 405 755; x_wconf 85' lang='lat' dir='ltr'><strong>quaest.</strong></span> <span class='ocrx_word' id='word_1_39' title='bbox 423 677 473 740; x_wconf 86' lang='lat' dir='ltr'><strong>ll.</strong></span> <span class='ocrx_word' id='word_1_40' title='bbox 489 677 607 758; x_wconf 72' lang='lat' dir='ltr'><strong>prologi</strong></span> <span class='ocrx_word' id='word_1_41' title='bbox 621 678 654 740; x_wconf 91' lang='lat' dir='ltr'><strong>iu</strong></span> <span class='ocrx_word' id='word_1_42' title='bbox 664 676 848 742; x_wconf 75' lang='lat' dir='ltr'><strong>Mattianum</strong></span> <span class='ocrx_word' id='word_1_43' title='bbox 865 724 874 754; x_wconf 92' lang='lat'>,</span> <span class='ocrx_word' id='word_1_44' title='bbox 896 694 953 759; x_wconf 82' lang='lat' dir='ltr'><strong>per</strong></span> <span class='ocrx_word' id='word_1_45' title='bbox 998 678 1088 741; x_wconf 91' lang='lat' dir='ltr'><strong>detur</strong></span> <span class='ocrx_word' id='word_1_46' title='bbox 1102 676 1309 758; x_wconf 80' lang='lat' dir='ltr'><strong>periculosum</strong></span> <span class='ocrx_word' id='word_1_47' title='bbox 1331 675 1437 740; x_wconf 85' lang='lat' dir='ltr'><strong>dicere</strong></span> <span class='ocrx_word' id='word_1_48' title='bbox 1457 675 1490 738; x_wconf 89' lang='lat' dir='ltr'><strong>in</strong></span> <span class='ocrx_word' id='word_1_49' title='bbox 1505 674 1570 738; x_wconf 84' lang='lat' dir='ltr'><strong>sela</strong></span> <span class='ocrx_word' id='word_1_50' title='bbox 1585 675 1710 755; x_wconf 72' lang='lat' dir='ltr'><strong>Virgine</strong></span> <span class='ocrx_word' id='word_1_51' title='bbox 1726 676 1858 742; x_wconf 83' lang='lat' dir='ltr'><strong>mansis·</strong></span> 
     </span>
     <span class='ocr_line' id='line_1_5' title="bbox 85 757 1862 841; baseline 0.002 -23"><span class='ocrx_word' id='word_1_52' title='bbox 85 757 175 820; x_wconf 90' lang='lat' dir='ltr'><strong>illam</strong></span> <span class='ocrx_word' id='word_1_53' title='bbox 200 758 361 823; x_wconf 79' lang='lat' dir='ltr'><strong>caudelam</strong></span> <span class='ocrx_word' id='word_1_54' title='bbox 383 759 551 840; x_wconf 71' lang='lat' dir='ltr'><strong>significari</strong></span> <span class='ocrx_word' id='word_1_55' title='bbox 570 760 693 824; x_wconf 85' lang='lat' dir='ltr'><strong>beatam</strong></span> <span class='ocrx_word' id='word_1_56' title='bbox 710 759 895 841; x_wconf 73' lang='lat' dir='ltr'><strong>¹virginem,</strong></span> <span class='ocrx_word' id='word_1_57' title='bbox 917 761 951 823; x_wconf 92' lang='lat' dir='ltr'><strong>in</strong></span> <span class='ocrx_word' id='word_1_58' title='bbox 996 776 1032 824; x_wconf 87' lang='lat' dir='ltr'><strong>aa</strong></span> <span class='ocrx_word' id='word_1_59' title='bbox 1047 776 1149 823; x_wconf 89' lang='lat' dir='ltr'><strong>reram</strong></span> <span class='ocrx_word' id='word_1_60' title='bbox 1164 757 1273 839; x_wconf 85' lang='lat' dir='ltr'><strong>ildem;</strong></span> <span class='ocrx_word' id='word_1_61' title='bbox 1287 765 1351 823; x_wconf 91' lang='lat' dir='ltr'><strong>tum</strong></span> <span class='ocrx_word' id='word_1_62' title='bbox 1366 759 1436 838; x_wconf 88' lang='lat' dir='ltr'><strong>qaia</strong></span> <span class='ocrx_word' id='word_1_63' title='bbox 1452 757 1589 822; x_wconf 81' lang='lat' dir='ltr'><strong>lleelesia</strong></span> <span class='ocrx_word' id='word_1_64' title='bbox 1609 757 1777 836; x_wconf 80' lang='lat' dir='ltr'><strong>periisset,</strong></span> <span class='ocrx_word' id='word_1_65' title='bbox 1799 774 1862 822; x_wconf 89' lang='lat' dir='ltr'><strong>nen</strong></span> 
     </span>
     <span class='ocr_line' id='line_1_6' title="bbox 84 840 1860 922; baseline 0.002 -20"><span class='ocrx_word' id='word_1_66' title='bbox 84 857 145 919; x_wconf 76' lang='lat' dir='ltr'><strong>qua</strong></span> <span class='ocrx_word' id='word_1_67' title='bbox 169 841 254 917; x_wconf 82' lang='lat' dir='ltr'><strong>sola,</strong></span> <span class='ocrx_word' id='word_1_68' title='bbox 277 847 311 905; x_wconf 93' lang='lat' dir='ltr'><strong>ut</strong></span> <span class='ocrx_word' id='word_1_69' title='bbox 323 841 376 922; x_wconf 89' lang='lat' dir='ltr'><strong>pie</strong></span> <span class='ocrx_word' id='word_1_70' title='bbox 398 842 548 914; x_wconf 77' lang='lat' dir='ltr'><strong>ereditur.</strong></span> <span class='ocrx_word' id='word_1_71' title='bbox 571 841 627 906; x_wconf 86' lang='lat' dir='ltr'><strong>luit</strong></span> <span class='ocrx_word' id='word_1_72' title='bbox 641 843 673 906; x_wconf 91' lang='lat' dir='ltr'><strong>iu</strong></span> <span class='ocrx_word' id='word_1_73' title='bbox 688 843 742 908; x_wconf 89' lang='lat' dir='ltr'><strong>illo</strong></span> <span class='ocrx_word' id='word_1_74' title='bbox 757 843 858 908; x_wconf 82' lang='lat' dir='ltr'><strong>triduo</strong></span> <span class='ocrx_word' id='word_1_75' title='bbox 870 842 952 906; x_wconf 86' lang='lat' dir='ltr'><strong>fides</strong></span> <span class='ocrx_word' id='word_1_76' title='bbox 997 842 1079 905; x_wconf 86' lang='lat' dir='ltr'><strong>euim</strong></span> <span class='ocrx_word' id='word_1_77' title='bbox 1093 857 1155 906; x_wconf 92' lang='lat' dir='ltr'><strong>uua</strong></span> <span class='ocrx_word' id='word_1_78' title='bbox 1169 858 1302 922; x_wconf 81' lang='lat' dir='ltr'><strong>persona</strong></span> <span class='ocrx_word' id='word_1_79' title='bbox 1313 846 1415 922; x_wconf 85' lang='lat' dir='ltr'><strong>petest</strong></span> <span class='ocrx_word' id='word_1_80' title='bbox 1426 841 1487 904; x_wconf 87' lang='lat' dir='ltr'><strong>diei</strong></span> <span class='ocrx_word' id='word_1_81' title='bbox 1501 840 1653 915; x_wconf 79' lang='lat' dir='ltr'><strong>Ecclesia,</strong></span> <span class='ocrx_word' id='word_1_82' title='bbox 1666 859 1737 906; x_wconf 90' lang='lat' dir='ltr'><strong>eum</strong></span> <span class='ocrx_word' id='word_1_83' title='bbox 1753 841 1860 906; x_wconf 81' lang='lat' dir='ltr'><strong>llenle-</strong></span> 
     </span>
     <span class='ocr_line' id='line_1_7' title="bbox 86 923 1862 1006; baseline 0.001 -20"><span class='ocrx_word' id='word_1_84' title='bbox 86 923 234 1004; x_wconf 77' lang='lat' dir='ltr'><strong>enplieita</strong></span> <span class='ocrx_word' id='word_1_85' title='bbox 256 925 503 990; x_wconf 82' lang='lat' dir='ltr'><strong>resurrectionis.</strong></span> <span class='ocrx_word' id='word_1_86' title='bbox 519 924 639 1006; x_wconf 82' lang='lat' dir='ltr'><strong>Exque</strong></span> <span class='ocrx_word' id='word_1_87' title='bbox 654 932 755 990; x_wconf 89' lang='lat' dir='ltr'><strong>tamen</strong></span> <span class='ocrx_word' id='word_1_88' title='bbox 770 941 833 991; x_wconf 90' lang='lat' dir='ltr'><strong>neu</strong></span> <span class='ocrx_word' id='word_1_89' title='bbox 848 925 955 1006; x_wconf 68' lang='lat' dir='ltr'><strong>sequi:</strong></span> <span class='ocrx_word' id='word_1_90' title='bbox 997 925 1041 988; x_wconf 91' lang='lat' dir='ltr'><strong>sia</strong></span> <span class='ocrx_word' id='word_1_91' title='bbox 1056 926 1097 988; x_wconf 92' lang='lat' dir='ltr'><strong>sit</strong></span> <span class='ocrx_word' id='word_1_92' title='bbox 1110 925 1243 1006; x_wconf 81' lang='lat' dir='ltr'><strong>pupulus</strong></span> <span class='ocrx_word' id='word_1_93' title='bbox 1258 930 1289 988; x_wconf 88' lang='lat' dir='ltr'><strong>et</strong></span> <span class='ocrx_word' id='word_1_94' title='bbox 1299 929 1429 1006; x_wconf 78' lang='lat' dir='ltr'><strong>reguum</strong></span> <span class='ocrx_word' id='word_1_95' title='bbox 1442 925 1511 1002; x_wconf 85' lang='lat' dir='ltr'><strong>Dei3</strong></span> <span class='ocrx_word' id='word_1_96' title='bbox 1524 929 1587 987; x_wconf 87' lang='lat' dir='ltr'><strong>tum</strong></span> <span class='ocrx_word' id='word_1_97' title='bbox 1600 923 1691 987; x_wconf 77' lang='lat' dir='ltr'><strong>etiarn</strong></span> <span class='ocrx_word' id='word_1_98' title='bbox 1704 924 1775 1006; x_wconf 87' lang='lat' dir='ltr'><strong>quia</strong></span> <span class='ocrx_word' id='word_1_99' title='bbox 1787 930 1862 988; x_wconf 89' lang='lat' dir='ltr'><strong>tune</strong></span> 
     </span>
     <span class='ocr_line' id='line_1_8' title="bbox 86 1005 1861 1088; baseline 0.003 -22"><span class='ocrx_word' id='word_1_100' title='bbox 86 1011 136 1069; x_wconf 89' lang='lat' dir='ltr'><strong>tur</strong></span> <span class='ocrx_word' id='word_1_101' title='bbox 151 1006 185 1068; x_wconf 84' lang='lat' dir='ltr'><strong>in</strong></span> <span class='ocrx_word' id='word_1_102' title='bbox 201 1007 270 1070; x_wconf 86' lang='lat' dir='ltr'><strong>aliis</strong></span> <span class='ocrx_word' id='word_1_103' title='bbox 283 1005 380 1072; x_wconf 86' lang='lat' dir='ltr'><strong>luisse</strong></span> <span class='ocrx_word' id='word_1_104' title='bbox 395 1022 529 1071; x_wconf 87' lang='lat' dir='ltr'><strong>errorem</strong></span> <span class='ocrx_word' id='word_1_105' title='bbox 545 1055 554 1082; x_wconf 86' lang='lat'>,</span> <span class='ocrx_word' id='word_1_106' title='bbox 570 1007 618 1071; x_wconf 83' lang='lat' dir='ltr'><strong>rel</strong></span> <span class='ocrx_word' id='word_1_107' title='bbox 633 1007 864 1084; x_wconf 86' lang='lat' dir='ltr'><strong>infidelitatem,</strong></span> <span class='ocrx_word' id='word_1_108' title='bbox 881 1008 952 1088; x_wconf 84' lang='lat' dir='ltr'><strong>quia</strong></span> <span class='ocrx_word' id='word_1_109' title='bbox 997 1008 1041 1071; x_wconf 93' lang='lat' dir='ltr'><strong>illi</strong></span> <span class='ocrx_word' id='word_1_110' title='bbox 1058 1008 1111 1087; x_wconf 87' lang='lat' dir='ltr'><strong>qui</strong></span> <span class='ocrx_word' id='word_1_111' title='bbox 1122 1008 1250 1070; x_wconf 86' lang='lat' dir='ltr'><strong>aberant</strong></span> <span class='ocrx_word' id='word_1_112' title='bbox 1260 1005 1520 1084; x_wconf 78' lang='lat' dir='ltr'><strong>alliarusulemet</strong></span> <span class='ocrx_word' id='word_1_113' title='bbox 1531 1022 1632 1088; x_wconf 86' lang='lat' dir='ltr'><strong>usque</strong></span> <span class='ocrx_word' id='word_1_114' title='bbox 1643 1007 1680 1070; x_wconf 90' lang='lat' dir='ltr'><strong>ad</strong></span> <span class='ocrx_word' id='word_1_115' title='bbox 1692 1007 1770 1072; x_wconf 89' lang='lat' dir='ltr'><strong>illud</strong></span> <span class='ocrx_word' id='word_1_116' title='bbox 1786 1013 1861 1072; x_wconf 88' lang='lat' dir='ltr'><strong>tem·</strong></span> 
     </span>
     <span class='ocr_line' id='line_1_9' title="bbox 87 1088 1861 1171; baseline 0.002 -21"><span class='ocrx_word' id='word_1_117' title='bbox 87 1104 153 1151; x_wconf 90' lang='lat' dir='ltr'><strong>non</strong></span> <span class='ocrx_word' id='word_1_118' title='bbox 171 1089 354 1154; x_wconf 82' lang='lat' dir='ltr'><strong>tenebantur</strong></span> <span class='ocrx_word' id='word_1_119' title='bbox 373 1089 502 1154; x_wconf 86' lang='lat' dir='ltr'><strong>eredere</strong></span> <span class='ocrx_word' id='word_1_120' title='bbox 513 1089 656 1170; x_wconf 78' lang='lat' dir='ltr'><strong>explicita</strong></span> <span class='ocrx_word' id='word_1_121' title='bbox 671 1092 950 1168; x_wconf 80' lang='lat' dir='ltr'><strong>resurrectionem,</strong></span> <span class='ocrx_word' id='word_1_122' title='bbox 997 1107 1057 1171; x_wconf 84' lang='lat' dir='ltr'><strong>pus</strong></span> <span class='ocrx_word' id='word_1_123' title='bbox 1071 1089 1241 1154; x_wconf 80' lang='lat' dir='ltr'><strong>habuerant</strong></span> <span class='ocrx_word' id='word_1_124' title='bbox 1254 1103 1358 1156; x_wconf 84' lang='lat' dir='ltr'><strong>reram</strong></span> <span class='ocrx_word' id='word_1_125' title='bbox 1371 1088 1476 1168; x_wconf 79' lang='lat' dir='ltr'><strong>fldem,</strong></span> <span class='ocrx_word' id='word_1_126' title='bbox 1493 1105 1562 1154; x_wconf 76' lang='lat' dir='ltr'><strong>mur</strong></span> <span class='ocrx_word' id='word_1_127' title='bbox 1578 1089 1662 1155; x_wconf 85' lang='lat' dir='ltr'><strong>illam</strong></span> <span class='ocrx_word' id='word_1_128' title='bbox 1680 1088 1861 1156; x_wconf 85' lang='lat' dir='ltr'><strong>amisissent</strong></span> 
     </span>
     <span class='ocr_line' id='line_1_10' title="bbox 86 1170 1622 1256; baseline 0.002 -23"><span class='ocrx_word' id='word_1_129' title='bbox 86 1170 149 1235; x_wconf 80' lang='lat' dir='ltr'><strong>aiei</strong></span> <span class='ocrx_word' id='word_1_130' title='bbox 165 1179 238 1253; x_wconf 80' lang='lat' dir='ltr'><strong>pest</strong></span> <span class='ocrx_word' id='word_1_131' title='bbox 250 1172 416 1255; x_wconf 73' lang='lat' dir='ltr'><strong>legitimam</strong></span> <span class='ocrx_word' id='word_1_132' title='bbox 437 1172 506 1255; x_wconf 76' lang='lat' dir='ltr'><strong>eius</strong></span> <span class='ocrx_word' id='word_1_133' title='bbox 524 1173 822 1256; x_wconf 77' lang='lat' dir='ltr'><strong>promulgationem,</strong></span> <span class='ocrx_word' id='word_1_134' title='bbox 838 1181 869 1240; x_wconf 89' lang='lat' dir='ltr'><strong>et</strong></span> <span class='ocrx_word' id='word_1_135' title='bbox 882 1191 952 1256; x_wconf 84' lang='lat' dir='ltr'><strong>pro·</strong></span> <span class='ocrx_word' id='word_1_136' title='bbox 998 1173 1068 1238; x_wconf 84' lang='lat' dir='ltr'><strong>siue</strong></span> <span class='ocrx_word' id='word_1_137' title='bbox 1082 1189 1137 1238; x_wconf 90' lang='lat' dir='ltr'><strong>sua</strong></span> <span class='ocrx_word' id='word_1_138' title='bbox 1150 1172 1253 1254; x_wconf 85' lang='lat' dir='ltr'><strong>eulpa.</strong></span> <span class='ocrx_word' id='word_1_139' title='bbox 1618 1173 1622 1183; x_wconf 74' lang='grc'><em>’</em></span> 
     </span>
    </p>
   </div>
   <div class='ocr_carea' id='block_1_3' title="bbox 0 0 2076 6292">
    <p class='ocr_par' dir='ltr' id='par_1_3' title="bbox 0 0 2076 6292">
     <span class='ocr_line' id='line_1_11' title="bbox 0 0 2076 6292; baseline 0 0"><span class='ocrx_word' id='word_1_140' title='bbox 0 0 2076 6292; x_wconf 95' lang='lat' dir='ltr'><strong> </strong></span> 
     </span>
    </p>
   </div>
  </div>
 </body>
</html>
