<?xml version="1.0" encoding="UTF-8"?>
<!DOCTYPE html PUBLIC "-//W3C//DTD XHTML 1.0 Transitional//EN"
    "http://www.w3.org/TR/xhtml1/DTD/xhtml1-transitional.dtd">
<html xmlns="http://www.w3.org/1999/xhtml" xml:lang="en" lang="en">
 <head>
  <title>
</title>
<meta http-equiv="Content-Type" content="text/html;charset=utf-8" />
  <meta name='ocr-system' content='tesseract 3.04.00' />
  <meta name='ocr-capabilities' content='ocr_page ocr_carea ocr_par ocr_line ocrx_word'/>
</head>
<body>
  <div class='ocr_page' id='page_1' title='image "./operaomnia02sforgoog/operaomnia02sforgoog_0446.png"; bbox 0 0 4110 6310; ppageno 0'>
   <div class='ocr_carea' id='block_1_1' title="bbox 829 313 1745 383">
    <p class='ocr_par' dir='ltr' id='par_1_1' title="bbox 829 313 1745 383">
     <span class='ocr_line' id='line_1_1' title="bbox 829 313 1745 383; baseline 0.002 -5"><span class='ocrx_word' id='word_1_1' title='bbox 829 313 925 380; x_wconf 77' lang='lat' dir='ltr'><strong>tter-:n</strong></span> <span class='ocrx_word' id='word_1_2' title='bbox 945 317 1067 382; x_wconf 76' lang='lat' dir='ltr'><strong>bulbus</strong></span> <span class='ocrx_word' id='word_1_3' title='bbox 1707 319 1745 383; x_wconf 81' lang='lat' dir='ltr'><strong>lt</strong></span> 
     </span>
    </p>
   </div>
   <div class='ocr_carea' id='block_1_2' title="bbox 58 453 1874 5750">
    <p class='ocr_par' dir='ltr' id='par_1_2' title="bbox 63 453 1830 624">
     <span class='ocr_line' id='line_1_2' title="bbox 63 453 1828 544; baseline -0.003 -18"><span class='ocrx_word' id='word_1_4' title='bbox 63 459 429 544; x_wconf 64' lang='lat' dir='ltr'><strong>pernecessariarum</strong></span> <span class='ocrx_word' id='word_1_5' title='bbox 443 457 524 540; x_wconf 69' lang='lat' dir='ltr'><strong>qiu,</strong></span> <span class='ocrx_word' id='word_1_6' title='bbox 539 453 600 542; x_wconf 85' lang='lat' dir='ltr'><strong>qul</strong></span> <span class='ocrx_word' id='word_1_7' title='bbox 614 457 715 524; x_wconf 84' lang='lat' dir='ltr'><strong>toturn</strong></span> <span class='ocrx_word' id='word_1_8' title='bbox 734 469 794 522; x_wconf 81' lang='lat' dir='ltr'><strong>cos</strong></span> <span class='ocrx_word' id='word_1_9' title='bbox 809 456 927 522; x_wconf 85' lang='lat' dir='ltr'><strong>boberc</strong></span> <span class='ocrx_word' id='word_1_10' title='bbox 972 457 1064 521; x_wconf 88' lang='lat' dir='ltr'><strong>ctiam</strong></span> <span class='ocrx_word' id='word_1_11' title='bbox 1080 457 1112 520; x_wconf 80' lang='lat' dir='ltr'><strong>b.</strong></span> <span class='ocrx_word' id='word_1_12' title='bbox 1126 455 1330 538; x_wconf 76' lang='lat' dir='ltr'><strong>Augustinus,</strong></span> <span class='ocrx_word' id='word_1_13' title='bbox 1347 456 1399 536; x_wconf 89' lang='lat' dir='ltr'><strong>qui</strong></span> <span class='ocrx_word' id='word_1_14' title='bbox 1415 457 1516 522; x_wconf 83' lang='lat' dir='ltr'><strong>tomen</strong></span> <span class='ocrx_word' id='word_1_15' title='bbox 1533 471 1593 524; x_wconf 89' lang='lat' dir='ltr'><strong>con</strong></span> <span class='ocrx_word' id='word_1_16' title='bbox 1609 467 1674 524; x_wconf 87' lang='lat' dir='ltr'><strong>erat</strong></span> <span class='ocrx_word' id='word_1_17' title='bbox 1687 462 1828 542; x_wconf 67' lang='lat' dir='ltr'><strong>ineptus,</strong></span> 
     </span>
     <span class='ocr_line' id='line_1_3' title="bbox 65 538 1830 624; baseline 0.002 -18"><span class='ocrx_word' id='word_1_18' title='bbox 65 545 241 624; x_wconf 80' lang='lat' dir='ltr'><strong>noluitpe&#39;r</strong></span> <span class='ocrx_word' id='word_1_19' title='bbox 255 544 406 608; x_wconf 66' lang='lat' dir='ltr'><strong>Maritum.</strong></span> <span class='ocrx_word' id='word_1_20' title='bbox 609 553 612 562; x_wconf 59' lang='lat'>¹</span> <span class='ocrx_word' id='word_1_21' title='bbox 973 541 1030 606; x_wconf 89' lang='lat' dir='ltr'><strong>tib.</strong></span> <span class='ocrx_word' id='word_1_22' title='bbox 1046 538 1098 602; x_wconf 81' lang='grc'><strong>211.</strong></span> <span class='ocrx_word' id='word_1_23' title='bbox 1114 549 1218 602; x_wconf 86' lang='lat' dir='ltr'><strong>contra</strong></span> <span class='ocrx_word' id='word_1_24' title='bbox 1235 539 1402 616; x_wconf 75' lang='lat' dir='ltr'><strong>lensium,</strong></span> <span class='ocrx_word' id='word_1_25' title='bbox 1430 555 1499 622; x_wconf 88' lang='lat' dir='ltr'><strong>cap.</strong></span> <span class='ocrx_word' id='word_1_26' title='bbox 1515 541 1567 604; x_wconf 83' lang='grc'><strong>21.</strong></span> <span class='ocrx_word' id='word_1_27' title='bbox 1582 544 1666 608; x_wconf 83' lang='lat' dir='ltr'><strong>dioltr</strong></span> <span class='ocrx_word' id='word_1_28' title='bbox 1694 545 1830 612; x_wconf 74' lang='lat' dir='ltr'><strong>baculos</strong></span> 
     </span>
    </p>

    <p class='ocr_par' dir='ltr' id='par_1_3' title="bbox 65 622 1835 1041">
     <span class='ocr_line' id='line_1_4' title="bbox 110 622 1279 706; baseline -0.003 -18"><span class='ocrx_word' id='word_1_29' title='bbox 110 628 328 706; x_wconf 68' lang='lat' dir='ltr'><strong>Argumentum</strong></span> <span class='ocrx_word' id='word_1_30' title='bbox 344 627 484 706; x_wconf 91' lang='lat' dir='ltr'><strong>quintum</strong></span> <span class='ocrx_word' id='word_1_31' title='bbox 500 625 579 688; x_wconf 84' lang='lat' dir='ltr'><strong>sarai</strong></span> <span class='ocrx_word' id='word_1_32' title='bbox 597 628 748 704; x_wconf 84' lang='lat' dir='ltr'><strong>potestur</strong></span> <span class='ocrx_word' id='word_1_33' title='bbox 761 622 927 692; x_wconf 82' lang='lat' dir='ltr'><strong>inrocaliu·</strong></span> <span class='ocrx_word' id='word_1_34' title='bbox 974 625 1046 699; x_wconf 86' lang='lat' dir='ltr'><strong>coll,</strong></span> <span class='ocrx_word' id='word_1_35' title='bbox 1064 629 1095 684; x_wconf 86' lang='lat' dir='ltr'><strong>et</strong></span> <span class='ocrx_word' id='word_1_36' title='bbox 1107 637 1167 684; x_wconf 93' lang='lat' dir='ltr'><strong>non</strong></span> <span class='ocrx_word' id='word_1_37' title='bbox 1182 623 1279 686; x_wconf 90' lang='lat' dir='ltr'><strong>latria.</strong></span> 
     </span>
     <span class='ocr_line' id='line_1_5' title="bbox 66 701 1831 792; baseline 0.002 -22"><span class='ocrx_word' id='word_1_38' title='bbox 66 725 123 782; x_wconf 90' lang='lat' dir='ltr'><strong>ne,</strong></span> <span class='ocrx_word' id='word_1_39' title='bbox 140 710 284 790; x_wconf 84' lang='lat' dir='ltr'><strong>templis,</strong></span> <span class='ocrx_word' id='word_1_40' title='bbox 314 710 412 784; x_wconf 87' lang='lat' dir='ltr'><strong>lestis,</strong></span> <span class='ocrx_word' id='word_1_41' title='bbox 431 709 518 784; x_wconf 78' lang='lat' dir='ltr'><strong>rods,</strong></span> <span class='ocrx_word' id='word_1_42' title='bbox 535 706 839 787; x_wconf 70' lang='lat' dir='ltr'><strong>peregrinationibus</strong></span> <span class='ocrx_word' id='word_1_43' title='bbox 853 705 932 792; x_wconf 28' lang='lat' dir='ltr'><strong>ima-¹</strong></span> <span class='ocrx_word' id='word_1_44' title='bbox 1014 706 1057 768; x_wconf 80' lang='lat' dir='ltr'><strong>dd</strong></span> <span class='ocrx_word' id='word_1_45' title='bbox 1071 706 1239 770; x_wconf 88' lang='lat' dir='ltr'><strong>secundam</strong></span> <span class='ocrx_word' id='word_1_46' title='bbox 1258 701 1468 784; x_wconf 80' lang='lat' dir='ltr'><strong>probationem</strong></span> <span class='ocrx_word' id='word_1_47' title='bbox 1484 705 1564 783; x_wconf 88' lang='lat' dir='ltr'><strong>dico,</strong></span> <span class='ocrx_word' id='word_1_48' title='bbox 1583 709 1695 773; x_wconf 91' lang='lat' dir='ltr'><strong>duliam</strong></span> <span class='ocrx_word' id='word_1_49' title='bbox 1711 725 1831 774; x_wconf 88' lang='lat' dir='ltr'><strong>nunes·</strong></span> 
     </span>
     <span class='ocr_line' id='line_1_6' title="bbox 69 787 1831 872; baseline 0.002 -22"><span class='ocrx_word' id='word_1_50' title='bbox 69 792 199 870; x_wconf 90' lang='lat' dir='ltr'><strong>ginibus</strong></span> <span class='ocrx_word' id='word_1_51' title='bbox 213 797 244 856; x_wconf 91' lang='lat' dir='ltr'><strong>et</strong></span> <span class='ocrx_word' id='word_1_52' title='bbox 258 792 327 868; x_wconf 87' lang='lat' dir='ltr'><strong>aliis</strong></span> <span class='ocrx_word' id='word_1_53' title='bbox 344 838 354 867; x_wconf 96' lang='lat'><strong>,</strong></span> <span class='ocrx_word' id='word_1_54' title='bbox 370 790 538 868; x_wconf 89' lang='lat' dir='ltr'><strong>dequibus</strong></span> <span class='ocrx_word' id='word_1_55' title='bbox 561 797 665 870; x_wconf 83' lang='lat' dir='ltr'><strong>poster</strong></span> <span class='ocrx_word' id='word_1_56' title='bbox 681 807 689 849; x_wconf 78' lang='grc' dir='ltr'><strong><em>ε</em></strong></span> <span class='ocrx_word' id='word_1_57' title='bbox 721 795 790 856; x_wconf 90' lang='lat' dir='ltr'><strong>cum</strong></span> <span class='ocrx_word' id='word_1_58' title='bbox 806 791 881 852; x_wconf 81' lang='lat' dir='ltr'><strong>tinec</strong></span> <span class='ocrx_word' id='word_1_59' title='bbox 896 805 928 850; x_wconf 94' lang='lat' dir='ltr'><strong>o·</strong></span> <span class='ocrx_word' id='word_1_60' title='bbox 973 803 1008 852; x_wconf 91' lang='lat' dir='ltr'><strong>se</strong></span> <span class='ocrx_word' id='word_1_61' title='bbox 1021 789 1091 868; x_wconf 93' lang='lat' dir='ltr'><strong>plus</strong></span> <span class='ocrx_word' id='word_1_62' title='bbox 1103 803 1194 867; x_wconf 86' lang='lat' dir='ltr'><strong>quem</strong></span> <span class='ocrx_word' id='word_1_63' title='bbox 1210 787 1338 850; x_wconf 91' lang='lat' dir='ltr'><strong>latriam.</strong></span> <span class='ocrx_word' id='word_1_64' title='bbox 1352 788 1425 850; x_wconf 89' lang='lat' dir='ltr'><strong>llam</strong></span> <span class='ocrx_word' id='word_1_65' title='bbox 1436 791 1608 855; x_wconf 89' lang='lat' dir='ltr'><strong>secundum</strong></span> <span class='ocrx_word' id='word_1_66' title='bbox 1620 795 1765 872; x_wconf 87' lang='lat' dir='ltr'><strong>protenus</strong></span> <span class='ocrx_word' id='word_1_67' title='bbox 1776 811 1831 856; x_wconf 89' lang='lat' dir='ltr'><strong>au·</strong></span> 
     </span>
     <span class='ocr_line' id='line_1_7' title="bbox 66 870 1835 956; baseline 0.002 -21"><span class='ocrx_word' id='word_1_68' title='bbox 66 876 160 936; x_wconf 89' lang='lat' dir='ltr'><strong>mnia·</strong></span> <span class='ocrx_word' id='word_1_69' title='bbox 176 876 214 942; x_wconf 79' lang='lat' dir='ltr'><strong>ed</strong></span> <span class='ocrx_word' id='word_1_70' title='bbox 235 876 350 940; x_wconf 90' lang='lat' dir='ltr'><strong>cultum</strong></span> <span class='ocrx_word' id='word_1_71' title='bbox 364 880 539 938; x_wconf 88' lang='lat' dir='ltr'><strong>sanctornm</strong></span> <span class='ocrx_word' id='word_1_72' title='bbox 553 883 616 937; x_wconf 89' lang='lat' dir='ltr'><strong>non</strong></span> <span class='ocrx_word' id='word_1_73' title='bbox 640 872 770 936; x_wconf 91' lang='lat' dir='ltr'><strong>dubium</strong></span> <span class='ocrx_word' id='word_1_74' title='bbox 786 872 825 934; x_wconf 92' lang='lat' dir='ltr'><strong>sit</strong></span> <span class='ocrx_word' id='word_1_75' title='bbox 836 874 928 952; x_wconf 90' lang='lat' dir='ltr'><strong>perii·</strong></span> <span class='ocrx_word' id='word_1_76' title='bbox 973 879 1075 934; x_wconf 89' lang='lat' dir='ltr'><strong>utores</strong></span> <span class='ocrx_word' id='word_1_77' title='bbox 1091 872 1172 933; x_wconf 91' lang='lat' dir='ltr'><strong>idem</strong></span> <span class='ocrx_word' id='word_1_78' title='bbox 1189 870 1562 951; x_wconf 82' lang='lat' dir='ltr'><strong>signiilcantusocundum</strong></span> <span class='ocrx_word' id='word_1_79' title='bbox 1578 883 1679 939; x_wconf 91' lang='lat' dir='ltr'><strong>nutam</strong></span> <span class='ocrx_word' id='word_1_80' title='bbox 1696 873 1835 956; x_wconf 59' lang='lat' dir='ltr'><strong>Scriptus*</strong></span> 
     </span>
     <span class='ocr_line' id='line_1_8' title="bbox 65 953 1832 1041; baseline 0.004 -25"><span class='ocrx_word' id='word_1_81' title='bbox 65 971 183 1020; x_wconf 74' lang='lat' dir='ltr'><strong>nere·</strong></span> <span class='ocrx_word' id='word_1_82' title='bbox 238 1011 240 1018; x_wconf 25' lang='lat'><strong>⁴</strong></span> <span class='ocrx_word' id='word_1_83' title='bbox 453 1009 455 1014; x_wconf 74' lang='grc'>,</span> <span class='ocrx_word' id='word_1_84' title='bbox 767 1025 769 1031; x_wconf 46' lang='grc'>,</span> <span class='ocrx_word' id='word_1_85' title='bbox 972 953 1832 1041; x_wconf 76' lang='lat' dir='ltr'><strong>rneetEcclesiaeusumlongemajorcstlatria,quam</strong></span> 
     </span>
    </p>

    <p class='ocr_par' dir='ltr' id='par_1_4' title="bbox 61 1035 1868 1946">
     <span class='ocr_line' id='line_1_9' title="bbox 106 1035 1831 1120; baseline 0.003 -20"><span class='ocrx_word' id='word_1_86' title='bbox 106 1044 452 1120; x_wconf 75' lang='lat' dir='ltr'><strong>Argumentumscrtum</strong></span> <span class='ocrx_word' id='word_1_87' title='bbox 465 1053 502 1100; x_wconf 86' lang='lat' dir='ltr'><strong>cx</strong></span> <span class='ocrx_word' id='word_1_88' title='bbox 517 1053 567 1112; x_wconf 88' lang='lat' dir='ltr'><strong>co,</strong></span> <span class='ocrx_word' id='word_1_89' title='bbox 583 1037 665 1116; x_wconf 90' lang='lat' dir='ltr'><strong>quod</strong></span> <span class='ocrx_word' id='word_1_90' title='bbox 679 1051 806 1115; x_wconf 88' lang='lat' dir='ltr'><strong>semper</strong></span> <span class='ocrx_word' id='word_1_91' title='bbox 819 1035 925 1099; x_wconf 82' lang='grc'><strong>11111111-</strong></span> <span class='ocrx_word' id='word_1_92' title='bbox 973 1038 1072 1099; x_wconf 83' lang='grc'><strong>1111111</strong></span> <span class='ocrx_word' id='word_1_93' title='bbox 1092 1039 1173 1099; x_wconf 87' lang='lat' dir='ltr'><strong>latria</strong></span> <span class='ocrx_word' id='word_1_94' title='bbox 1190 1039 1272 1099; x_wconf 89' lang='lat' dir='ltr'><strong>enlm</strong></span> <span class='ocrx_word' id='word_1_95' title='bbox 1288 1051 1349 1098; x_wconf 92' lang='lat' dir='ltr'><strong>non</strong></span> <span class='ocrx_word' id='word_1_96' title='bbox 1363 1044 1410 1098; x_wconf 89' lang='lat' dir='ltr'><strong>est</strong></span> <span class='ocrx_word' id='word_1_97' title='bbox 1425 1038 1556 1113; x_wconf 79' lang='lat' dir='ltr'><strong>quilibet</strong></span> <span class='ocrx_word' id='word_1_98' title='bbox 1570 1043 1682 1118; x_wconf 90' lang='lat' dir='ltr'><strong>cultus,</strong></span> <span class='ocrx_word' id='word_1_99' title='bbox 1699 1051 1753 1105; x_wconf 90' lang='lat' dir='ltr'><strong>scd</strong></span> <span class='ocrx_word' id='word_1_100' title='bbox 1767 1047 1831 1105; x_wconf 81' lang='grc' dir='ltr'><strong>11111·Ι</strong></span> 
     </span>
     <span class='ocr_line' id='line_1_10' title="bbox 64 1117 1841 1207; baseline 0.004 -25"><span class='ocrx_word' id='word_1_101' title='bbox 64 1122 109 1195; x_wconf 86' lang='lat' dir='ltr'><strong>ci,</strong></span> <span class='ocrx_word' id='word_1_102' title='bbox 126 1122 247 1198; x_wconf 85' lang='lat' dir='ltr'><strong>ludaei,</strong></span> <span class='ocrx_word' id='word_1_103' title='bbox 262 1121 413 1186; x_wconf 75' lang='lat' dir='ltr'><strong>Haeretici</strong></span> <span class='ocrx_word' id='word_1_104' title='bbox 427 1126 647 1184; x_wconf 79' lang='lat' dir='ltr'><strong>accusaverunt</strong></span> <span class='ocrx_word' id='word_1_105' title='bbox 658 1118 849 1182; x_wconf 80' lang='lat' dir='ltr'><strong>christianos</strong></span> <span class='ocrx_word' id='word_1_106' title='bbox 863 1120 927 1180; x_wconf 90' lang='lat' dir='ltr'><strong>ido·</strong></span> <span class='ocrx_word' id='word_1_107' title='bbox 974 1127 1022 1182; x_wconf 88' lang='lat' dir='ltr'><strong>tus</strong></span> <span class='ocrx_word' id='word_1_108' title='bbox 1037 1136 1174 1182; x_wconf 86' lang='lat' dir='ltr'><strong>summee</strong></span> <span class='ocrx_word' id='word_1_109' title='bbox 1190 1117 1362 1207; x_wconf 76' lang='lat' dir='ltr'><strong>servitutis:</strong></span> <span class='ocrx_word' id='word_1_110' title='bbox 1387 1119 1468 1182; x_wconf 91' lang='lat' dir='ltr'><strong>dutia</strong></span> <span class='ocrx_word' id='word_1_111' title='bbox 1485 1128 1532 1185; x_wconf 88' lang='lat' dir='ltr'><strong>est</strong></span> <span class='ocrx_word' id='word_1_112' title='bbox 1547 1127 1647 1188; x_wconf 89' lang='lat' dir='ltr'><strong>cultus</strong></span> <span class='ocrx_word' id='word_1_113' title='bbox 1663 1121 1841 1206; x_wconf 62' lang='lat' dir='ltr'><strong>cuiuslibet,-</strong></span> 
     </span>
     <span class='ocr_line' id='line_1_11' title="bbox 61 1203 1635 1284; baseline 0.001 -20"><span class='ocrx_word' id='word_1_114' title='bbox 61 1203 220 1278; x_wconf 89' lang='lat' dir='ltr'><strong>lotatriae‚</strong></span> <span class='ocrx_word' id='word_1_115' title='bbox 249 1210 376 1284; x_wconf 87' lang='lat' dir='ltr'><strong>propter</strong></span> <span class='ocrx_word' id='word_1_116' title='bbox 400 1205 516 1265; x_wconf 87' lang='lat' dir='ltr'><strong>cultum</strong></span> <span class='ocrx_word' id='word_1_117' title='bbox 531 1210 717 1277; x_wconf 88' lang='lat' dir='ltr'><strong>sauctorum,</strong></span> <span class='ocrx_word' id='word_1_118' title='bbox 743 1203 824 1279; x_wconf 92' lang='lat' dir='ltr'><strong>quod</strong></span> <span class='ocrx_word' id='word_1_119' title='bbox 843 1209 927 1264; x_wconf 88' lang='lat' dir='ltr'><strong>certe</strong></span> <span class='ocrx_word' id='word_1_120' title='bbox 975 1203 1146 1266; x_wconf 80' lang='lat' dir='ltr'><strong>seruitutls.</strong></span> <span class='ocrx_word' id='word_1_121' title='bbox 1632 1213 1635 1220; x_wconf 85' lang='lat'>&#39;</span> 
     </span>
     <span class='ocr_line' id='line_1_12' title="bbox 63 1285 1848 1364; baseline 0.004 -17"><span class='ocrx_word' id='word_1_122' title='bbox 63 1300 130 1350; x_wconf 87' lang='lat' dir='ltr'><strong>non</strong></span> <span class='ocrx_word' id='word_1_123' title='bbox 147 1287 304 1359; x_wconf 84' lang='lat' dir='ltr'><strong>iecissent,</strong></span> <span class='ocrx_word' id='word_1_124' title='bbox 320 1286 380 1348; x_wconf 91' lang='lat' dir='ltr'><strong>nisi</strong></span> <span class='ocrx_word' id='word_1_125' title='bbox 403 1287 553 1348; x_wconf 83' lang='lat' dir='ltr'><strong>uidissent</strong></span> <span class='ocrx_word' id='word_1_126' title='bbox 567 1304 584 1348; x_wconf 90' lang='lat' dir='ltr'><strong>a</strong></span> <span class='ocrx_word' id='word_1_127' title='bbox 600 1285 779 1348; x_wconf 78' lang='lat' dir='ltr'><strong>Christianis</strong></span> <span class='ocrx_word' id='word_1_128' title='bbox 805 1293 928 1348; x_wconf 86' lang='lat' dir='ltr'><strong>sanctos</strong></span> <span class='ocrx_word' id='word_1_129' title='bbox 1013 1285 1120 1347; x_wconf 86' lang='lat' dir='ltr'><strong>lliccs:</strong></span> <span class='ocrx_word' id='word_1_130' title='bbox 1138 1285 1175 1348; x_wconf 81' lang='grc'><strong>111</strong></span> <span class='ocrx_word' id='word_1_131' title='bbox 1190 1299 1249 1346; x_wconf 92' lang='lat' dir='ltr'><strong>non</strong></span> <span class='ocrx_word' id='word_1_132' title='bbox 1266 1299 1374 1345; x_wconf 89' lang='lat' dir='ltr'><strong>sumus</strong></span> <span class='ocrx_word' id='word_1_133' title='bbox 1391 1286 1471 1346; x_wconf 87' lang='lat' dir='ltr'><strong>serri</strong></span> <span class='ocrx_word' id='word_1_134' title='bbox 1485 1290 1674 1360; x_wconf 89' lang='lat' dir='ltr'><strong>sanctorum,</strong></span> <span class='ocrx_word' id='word_1_135' title='bbox 1687 1291 1743 1353; x_wconf 91' lang='lat' dir='ltr'><strong>sed</strong></span> <span class='ocrx_word' id='word_1_136' title='bbox 1756 1305 1848 1364; x_wconf 61' lang='lat' dir='ltr'><strong>oum,</strong></span> 
     </span>
     <span class='ocr_line' id='line_1_13' title="bbox 63 1362 1830 1454; baseline 0.003 -24"><span class='ocrx_word' id='word_1_137' title='bbox 63 1362 186 1446; x_wconf 81' lang='lat' dir='ltr'><strong>pessim</strong></span> <span class='ocrx_word' id='word_1_138' title='bbox 211 1369 357 1449; x_wconf 78' lang='lat' dir='ltr'><strong>religiose</strong></span> <span class='ocrx_word' id='word_1_139' title='bbox 372 1369 443 1430; x_wconf 91' lang='lat' dir='ltr'><strong>coli.</strong></span> <span class='ocrx_word' id='word_1_140' title='bbox 459 1367 503 1432; x_wconf 91' lang='lat' dir='ltr'><strong>lle</strong></span> <span class='ocrx_word' id='word_1_141' title='bbox 525 1367 665 1430; x_wconf 81' lang='lat' dir='ltr'><strong>Etbnicis</strong></span> <span class='ocrx_word' id='word_1_142' title='bbox 690 1372 819 1430; x_wconf 86' lang='lat' dir='ltr'><strong>testetur</strong></span> <span class='ocrx_word' id='word_1_143' title='bbox 833 1367 928 1432; x_wconf 74' lang='lat' dir='ltr'><strong>liuse-</strong></span> <span class='ocrx_word' id='word_1_144' title='bbox 974 1369 1066 1434; x_wconf 85' lang='lat' dir='ltr'><strong>serrl.</strong></span> <span class='ocrx_word' id='word_1_145' title='bbox 1083 1381 1157 1446; x_wconf 85' lang='lat' dir='ltr'><strong>ergo</strong></span> <span class='ocrx_word' id='word_1_146' title='bbox 1172 1368 1384 1429; x_wconf 39' lang='lat' dir='ltr'><strong>uirtra&#39;sauctts</strong></span> <span class='ocrx_word' id='word_1_147' title='bbox 1409 1382 1471 1430; x_wconf 92' lang='lat' dir='ltr'><strong>uon</strong></span> <span class='ocrx_word' id='word_1_148' title='bbox 1494 1371 1649 1434; x_wconf 89' lang='lat' dir='ltr'><strong>oonrc&#39;nii.</strong></span> <span class='ocrx_word' id='word_1_149' title='bbox 1666 1373 1767 1454; x_wconf 79' lang='lat' dir='ltr'><strong>Aliqui</strong></span> <span class='ocrx_word' id='word_1_150' title='bbox 1782 1389 1830 1436; x_wconf 81' lang='lat' dir='ltr'><strong>re</strong></span> 
     </span>
     <span class='ocr_line' id='line_1_14' title="bbox 62 1449 1828 1532; baseline 0.003 -20"><span class='ocrx_word' id='word_1_151' title='bbox 62 1452 152 1518; x_wconf 62' lang='lat' dir='ltr'><strong>blasi</strong></span> <span class='ocrx_word' id='word_1_152' title='bbox 168 1453 222 1514; x_wconf 89' lang='lat' dir='ltr'><strong>lib.</strong></span> <span class='ocrx_word' id='word_1_153' title='bbox 239 1451 270 1514; x_wconf 79' lang='lat'><strong>8.</strong></span> <span class='ocrx_word' id='word_1_154' title='bbox 287 1469 356 1530; x_wconf 89' lang='lat' dir='ltr'><strong>cap.</strong></span> <span class='ocrx_word' id='word_1_155' title='bbox 371 1450 402 1514; x_wconf 79' lang='grc'><strong>1.</strong></span> <span class='ocrx_word' id='word_1_156' title='bbox 419 1453 492 1514; x_wconf 89' lang='lat' dir='ltr'><strong>bist.</strong></span> <span class='ocrx_word' id='word_1_157' title='bbox 509 1450 548 1514; x_wconf 91' lang='lat' dir='ltr'><strong>da</strong></span> <span class='ocrx_word' id='word_1_158' title='bbox 560 1449 697 1514; x_wconf 86' lang='lat' dir='ltr'><strong>ludaeis.</strong></span> <span class='ocrx_word' id='word_1_159' title='bbox 714 1449 799 1513; x_wconf 89' lang='lat' dir='ltr'><strong>ldum</strong></span> <span class='ocrx_word' id='word_1_160' title='bbox 813 1451 927 1514; x_wconf 86' lang='lat' dir='ltr'><strong>lluseb.</strong></span> <span class='ocrx_word' id='word_1_161' title='bbox 973 1451 1140 1530; x_wconf 84' lang='lat' dir='ltr'><strong>spondent,</strong></span> <span class='ocrx_word' id='word_1_162' title='bbox 1170 1451 1285 1511; x_wconf 91' lang='lat' dir='ltr'><strong>cultum</strong></span> <span class='ocrx_word' id='word_1_163' title='bbox 1302 1457 1478 1513; x_wconf 85' lang='lat' dir='ltr'><strong>sanctornm</strong></span> <span class='ocrx_word' id='word_1_164' title='bbox 1495 1465 1556 1514; x_wconf 94' lang='lat' dir='ltr'><strong>non</strong></span> <span class='ocrx_word' id='word_1_165' title='bbox 1572 1455 1802 1518; x_wconf 80' lang='lat' dir='ltr'><strong>vocaridufiam</strong></span> <span class='ocrx_word' id='word_1_166' title='bbox 1820 1493 1828 1532; x_wconf 81' lang='lat'><strong>,</strong></span> 
     </span>
     <span class='ocr_line' id='line_1_15' title="bbox 62 1527 1868 1618; baseline 0.004 -24"><span class='ocrx_word' id='word_1_167' title='bbox 62 1534 125 1596; x_wconf 92' lang='lat' dir='ltr'><strong>lib.</strong></span> <span class='ocrx_word' id='word_1_168' title='bbox 140 1533 172 1602; x_wconf 80' lang='grc'><strong>1.</strong></span> <span class='ocrx_word' id='word_1_169' title='bbox 184 1527 257 1614; x_wconf 83' lang='lat' dir='ltr'><strong>c&#39;ap.</strong></span> <span class='ocrx_word' id='word_1_170' title='bbox 275 1534 325 1596; x_wconf 80' lang='grc'><strong>15.</strong></span> <span class='ocrx_word' id='word_1_171' title='bbox 341 1533 386 1596; x_wconf 87' lang='lat' dir='ltr'><strong>Dc</strong></span> <span class='ocrx_word' id='word_1_172' title='bbox 401 1533 525 1596; x_wconf 86' lang='lat' dir='ltr'><strong>luliaco</strong></span> <span class='ocrx_word' id='word_1_173' title='bbox 554 1540 689 1614; x_wconf 88' lang='lat' dir='ltr'><strong>apostata</strong></span> <span class='ocrx_word' id='word_1_174' title='bbox 717 1531 848 1613; x_wconf 78' lang='lat' dir='ltr'><strong>cyrillus</strong></span> <span class='ocrx_word' id='word_1_175' title='bbox 872 1533 929 1596; x_wconf 90' lang='lat' dir='ltr'><strong>lib.</strong></span> <span class='ocrx_word' id='word_1_176' title='bbox 973 1533 1066 1606; x_wconf 80' lang='lat' dir='ltr'><strong>idest,</strong></span> <span class='ocrx_word' id='word_1_177' title='bbox 1080 1534 1269 1605; x_wconf 88' lang='lat' dir='ltr'><strong>servitutem,</strong></span> <span class='ocrx_word' id='word_1_178' title='bbox 1287 1533 1356 1612; x_wconf 88' lang='lat' dir='ltr'><strong>qnia</strong></span> <span class='ocrx_word' id='word_1_179' title='bbox 1382 1533 1602 1597; x_wconf 83' lang='lat' dir='ltr'><strong>exuiueturcts</strong></span> <span class='ocrx_word' id='word_1_180' title='bbox 1614 1539 1756 1618; x_wconf 81' lang='lat' dir='ltr'><strong>a&#39;scrris3</strong></span> <span class='ocrx_word' id='word_1_181' title='bbox 1774 1539 1830 1602; x_wconf 89' lang='lat' dir='ltr'><strong>sed</strong></span> <span class='ocrx_word' id='word_1_182' title='bbox 1865 1565 1868 1574; x_wconf 65' lang='grc'><strong><em>’</em></strong></span> 
     </span>
     <span class='ocr_line' id='line_1_16' title="bbox 63 1611 1831 1698; baseline 0.002 -20"><span class='ocrx_word' id='word_1_183' title='bbox 63 1617 99 1679; x_wconf 88' lang='lat' dir='ltr'><strong>n.</strong></span> <span class='ocrx_word' id='word_1_184' title='bbox 117 1626 149 1680; x_wconf 90' lang='lat' dir='ltr'><strong>et</strong></span> <span class='ocrx_word' id='word_1_185' title='bbox 163 1611 212 1679; x_wconf 89' lang='lat' dir='ltr'><strong>to.</strong></span> <span class='ocrx_word' id='word_1_186' title='bbox 229 1618 259 1679; x_wconf 89' lang='lat' dir='ltr'><strong>iu</strong></span> <span class='ocrx_word' id='word_1_187' title='bbox 274 1616 391 1698; x_wconf 73' lang='lat' dir='ltr'><strong>Julian.</strong></span> <span class='ocrx_word' id='word_1_188' title='bbox 409 1617 449 1680; x_wconf 92' lang='lat' dir='ltr'><strong>de</strong></span> <span class='ocrx_word' id='word_1_189' title='bbox 463 1615 651 1679; x_wconf 86' lang='lat' dir='ltr'><strong>llaniclrecis</strong></span> <span class='ocrx_word' id='word_1_190' title='bbox 678 1615 841 1695; x_wconf 77' lang='lat' dir='ltr'><strong>Augustin.</strong></span> <span class='ocrx_word' id='word_1_191' title='bbox 871 1616 927 1678; x_wconf 84' lang='lat' dir='ltr'><strong>tib.</strong></span> <span class='ocrx_word' id='word_1_192' title='bbox 974 1617 1043 1695; x_wconf 90' lang='lat' dir='ltr'><strong>quia</strong></span> <span class='ocrx_word' id='word_1_193' title='bbox 1061 1617 1234 1678; x_wconf 83' lang='lat' dir='ltr'><strong>exhibetur</strong></span> <span class='ocrx_word' id='word_1_194' title='bbox 1250 1616 1328 1694; x_wconf 90' lang='lat' dir='ltr'><strong>ipsis</strong></span> <span class='ocrx_word' id='word_1_195' title='bbox 1345 1661 1353 1689; x_wconf 90' lang='lat'><strong>,</strong></span> <span class='ocrx_word' id='word_1_196' title='bbox 1371 1617 1421 1695; x_wconf 91' lang='lat' dir='ltr'><strong>qui</strong></span> <span class='ocrx_word' id='word_1_197' title='bbox 1438 1615 1518 1678; x_wconf 89' lang='lat' dir='ltr'><strong>serri</strong></span> <span class='ocrx_word' id='word_1_198' title='bbox 1532 1616 1589 1681; x_wconf 87' lang='lat' dir='ltr'><strong>ilci</strong></span> <span class='ocrx_word' id='word_1_199' title='bbox 1604 1626 1686 1682; x_wconf 88' lang='lat' dir='ltr'><strong>sunt.</strong></span> <span class='ocrx_word' id='word_1_200' title='bbox 1703 1620 1763 1684; x_wconf 85' lang='lat' dir='ltr'><strong>Sed</strong></span> <span class='ocrx_word' id='word_1_201' title='bbox 1780 1622 1831 1683; x_wconf 92' lang='lat' dir='ltr'><strong>istl</strong></span> 
     </span>
     <span class='ocr_line' id='line_1_17' title="bbox 65 1697 1689 1778; baseline 0.001 -18"><span class='ocrx_word' id='word_1_202' title='bbox 65 1700 120 1760; x_wconf 84' lang='grc'><strong>211.</strong></span> <span class='ocrx_word' id='word_1_203' title='bbox 137 1715 206 1778; x_wconf 88' lang='lat' dir='ltr'><strong>cap.</strong></span> <span class='ocrx_word' id='word_1_204' title='bbox 222 1697 274 1761; x_wconf 84' lang='grc'><strong>21.</strong></span> <span class='ocrx_word' id='word_1_205' title='bbox 291 1707 395 1763; x_wconf 90' lang='lat' dir='ltr'><strong>contra</strong></span> <span class='ocrx_word' id='word_1_206' title='bbox 411 1699 577 1776; x_wconf 67' lang='lat' dir='ltr'><strong>baustum</strong></span> <span class='ocrx_word' id='word_1_207' title='bbox 593 1699 632 1760; x_wconf 92' lang='lat' dir='ltr'><strong>de</strong></span> <span class='ocrx_word' id='word_1_208' title='bbox 647 1699 825 1778; x_wconf 73' lang='lat' dir='ltr'><strong>corporae,</strong></span> <span class='ocrx_word' id='word_1_209' title='bbox 848 1698 929 1778; x_wconf 77' lang='lat' dir='ltr'><strong>ligi·</strong></span> <span class='ocrx_word' id='word_1_210' title='bbox 974 1701 1151 1774; x_wconf 89' lang='lat' dir='ltr'><strong>timuerunt,</strong></span> <span class='ocrx_word' id='word_1_211' title='bbox 1170 1699 1220 1761; x_wconf 91' lang='lat' dir='ltr'><strong>ubi</strong></span> <span class='ocrx_word' id='word_1_212' title='bbox 1238 1715 1299 1759; x_wconf 91' lang='lat' dir='ltr'><strong>non</strong></span> <span class='ocrx_word' id='word_1_213' title='bbox 1315 1703 1379 1762; x_wconf 89' lang='lat' dir='ltr'><strong>erut</strong></span> <span class='ocrx_word' id='word_1_214' title='bbox 1395 1700 1495 1761; x_wconf 92' lang='lat' dir='ltr'><strong>timor.</strong></span> <span class='ocrx_word' id='word_1_215' title='bbox 1686 1717 1689 1730; x_wconf 90' lang='grc'><em>·</em></span> 
     </span>
     <span class='ocr_line' id='line_1_18' title="bbox 66 1780 1832 1865; baseline 0.004 -24"><span class='ocrx_word' id='word_1_216' title='bbox 66 1785 164 1844; x_wconf 71' lang='lat' dir='ltr'><strong>intutu</strong></span> <span class='ocrx_word' id='word_1_217' title='bbox 193 1789 223 1844; x_wconf 90' lang='lat' dir='ltr'><strong>et</strong></span> <span class='ocrx_word' id='word_1_218' title='bbox 237 1783 387 1844; x_wconf 81' lang='lat' dir='ltr'><strong>Eunomia</strong></span> <span class='ocrx_word' id='word_1_219' title='bbox 416 1782 620 1863; x_wconf 74' lang='lat' dir='ltr'><strong>llicrouqmus</strong></span> <span class='ocrx_word' id='word_1_220' title='bbox 646 1781 703 1843; x_wconf 92' lang='lat' dir='ltr'><strong>tib.</strong></span> <span class='ocrx_word' id='word_1_221' title='bbox 730 1780 931 1862; x_wconf 81' lang='lat' dir='ltr'><strong>contravigi·</strong></span> <span class='ocrx_word' id='word_1_222' title='bbox 1014 1781 1183 1844; x_wconf 86' lang='lat' dir='ltr'><strong>Dicendum</strong></span> <span class='ocrx_word' id='word_1_223' title='bbox 1201 1782 1313 1861; x_wconf 72' lang='lat' dir='ltr'><strong>igitur,</strong></span> <span class='ocrx_word' id='word_1_224' title='bbox 1330 1781 1444 1842; x_wconf 89' lang='lat' dir='ltr'><strong>duliam</strong></span> <span class='ocrx_word' id='word_1_225' title='bbox 1460 1783 1637 1865; x_wconf 88' lang='lat' dir='ltr'><strong>signiticaro</strong></span> <span class='ocrx_word' id='word_1_226' title='bbox 1663 1785 1832 1863; x_wconf 77' lang='lat' dir='ltr'><strong>quamlibet</strong></span> 
     </span>
     <span class='ocr_line' id='line_1_19' title="bbox 72 1863 1832 1946; baseline 0.003 -20"><span class='ocrx_word' id='word_1_227' title='bbox 72 1865 215 1926; x_wconf 78' lang='lat' dir='ltr'><strong>lentium.</strong></span> <span class='ocrx_word' id='word_1_228' title='bbox 975 1867 1165 1940; x_wconf 81' lang='lat' dir='ltr'><strong>seruitutem,</strong></span> <span class='ocrx_word' id='word_1_229' title='bbox 1196 1871 1255 1924; x_wconf 88' lang='lat' dir='ltr'><strong>tum</strong></span> <span class='ocrx_word' id='word_1_230' title='bbox 1286 1863 1463 1941; x_wconf 84' lang='lat' dir='ltr'><strong>perlectam.</strong></span> <span class='ocrx_word' id='word_1_231' title='bbox 1491 1881 1583 1946; x_wconf 89' lang='lat' dir='ltr'><strong>qnam</strong></span> <span class='ocrx_word' id='word_1_232' title='bbox 1608 1867 1832 1946; x_wconf 89' lang='lat' dir='ltr'><strong>imperlectam.</strong></span> 
     </span>
    </p>

    <p class='ocr_par' dir='ltr' id='par_1_5' title="bbox 63 1945 1835 3598">
     <span class='ocr_line' id='line_1_20' title="bbox 113 1945 1831 2032; baseline 0.002 -22"><span class='ocrx_word' id='word_1_233' title='bbox 113 1948 331 2028; x_wconf 84' lang='lat' dir='ltr'><strong>Argumentum</strong></span> <span class='ocrx_word' id='word_1_234' title='bbox 347 1947 513 2026; x_wconf 88' lang='lat' dir='ltr'><strong>septimam</strong></span> <span class='ocrx_word' id='word_1_235' title='bbox 529 1963 566 2010; x_wconf 84' lang='lat' dir='ltr'><strong>er</strong></span> <span class='ocrx_word' id='word_1_236' title='bbox 580 1945 698 2009; x_wconf 85' lang='lat' dir='ltr'><strong>cutione</strong></span> <span class='ocrx_word' id='word_1_237' title='bbox 715 1963 724 2022; x_wconf 79' lang='lat'><em>3</em></span> <span class='ocrx_word' id='word_1_238' title='bbox 750 1961 820 2008; x_wconf 89' lang='lat' dir='ltr'><strong>nem</strong></span> <span class='ocrx_word' id='word_1_239' title='bbox 835 1947 860 2008; x_wconf 89' lang='lat' dir='ltr'><strong>si</strong></span> <span class='ocrx_word' id='word_1_240' title='bbox 876 1947 931 2009; x_wconf 88' lang='lat' dir='ltr'><strong>ho·</strong></span> <span class='ocrx_word' id='word_1_241' title='bbox 974 1947 1028 2009; x_wconf 82' lang='lat' dir='ltr'><strong>list</strong></span> <span class='ocrx_word' id='word_1_242' title='bbox 1042 1955 1148 2009; x_wconf 89' lang='lat' dir='ltr'><strong>autem·</strong></span> <span class='ocrx_word' id='word_1_243' title='bbox 1160 1947 1293 2026; x_wconf 89' lang='lat' dir='ltr'><strong>perlecta</strong></span> <span class='ocrx_word' id='word_1_244' title='bbox 1308 1947 1440 2009; x_wconf 83' lang='lat' dir='ltr'><strong>seruitus</strong></span> <span class='ocrx_word' id='word_1_245' title='bbox 1455 1961 1580 2022; x_wconf 88' lang='lat' dir='ltr'><strong>cocum,</strong></span> <span class='ocrx_word' id='word_1_246' title='bbox 1598 1950 1671 2027; x_wconf 91' lang='lat' dir='ltr'><strong>quid</strong></span> <span class='ocrx_word' id='word_1_247' title='bbox 1687 1952 1730 2026; x_wconf 93' lang='lat' dir='ltr'><strong>id,</strong></span> <span class='ocrx_word' id='word_1_248' title='bbox 1747 1953 1831 2032; x_wconf 90' lang='lat' dir='ltr'><strong>quod</strong></span> 
     </span>
     <span class='ocr_line' id='line_1_21' title="bbox 68 2029 1828 2111; baseline 0.002 -19"><span class='ocrx_word' id='word_1_249' title='bbox 68 2046 129 2094; x_wconf 90' lang='lat' dir='ltr'><strong>nor</strong></span> <span class='ocrx_word' id='word_1_250' title='bbox 144 2031 242 2092; x_wconf 84' lang='lat' dir='ltr'><strong>ciritts</strong></span> <span class='ocrx_word' id='word_1_251' title='bbox 259 2029 933 2110; x_wconf 65' lang='grc' dir='ltr'><strong>111111111111111111111,11ρ11111111,ροιοηι</strong></span> <span class='ocrx_word' id='word_1_252' title='bbox 975 2034 1058 2104; x_wconf 88' lang='lat' dir='ltr'><strong>sunt,</strong></span> <span class='ocrx_word' id='word_1_253' title='bbox 1075 2033 1201 2092; x_wconf 89' lang='lat' dir='ltr'><strong>alterius</strong></span> <span class='ocrx_word' id='word_1_254' title='bbox 1213 2037 1306 2104; x_wconf 84' lang='lat' dir='ltr'><strong>sunt3</strong></span> <span class='ocrx_word' id='word_1_255' title='bbox 1324 2035 1354 2090; x_wconf 88' lang='lat' dir='ltr'><strong>et</strong></span> <span class='ocrx_word' id='word_1_256' title='bbox 1365 2039 1531 2108; x_wconf 86' lang='lat' dir='ltr'><strong>operantur</strong></span> <span class='ocrx_word' id='word_1_257' title='bbox 1542 2034 1614 2093; x_wconf 89' lang='lat' dir='ltr'><strong>muti</strong></span> <span class='ocrx_word' id='word_1_258' title='bbox 1626 2034 1664 2094; x_wconf 88' lang='lat' dir='ltr'><strong>ab</strong></span> <span class='ocrx_word' id='word_1_259' title='bbox 1679 2033 1750 2111; x_wconf 86' lang='lat' dir='ltr'><strong>alic,</strong></span> <span class='ocrx_word' id='word_1_260' title='bbox 1768 2041 1828 2096; x_wconf 90' lang='lat' dir='ltr'><strong>tarn</strong></span> 
     </span>
     <span class='ocr_line' id='line_1_22' title="bbox 66 2111 1834 2197; baseline 0.005 -26"><span class='ocrx_word' id='word_1_261' title='bbox 66 2115 130 2176; x_wconf 89' lang='lat' dir='ltr'><strong>tiae</strong></span> <span class='ocrx_word' id='word_1_262' title='bbox 143 2119 173 2176; x_wconf 91' lang='lat' dir='ltr'><strong>ct</strong></span> <span class='ocrx_word' id='word_1_263' title='bbox 183 2113 351 2176; x_wconf 86' lang='lat' dir='ltr'><strong>nobilitati:</strong></span> <span class='ocrx_word' id='word_1_264' title='bbox 368 2113 448 2194; x_wconf 83' lang='lat' dir='ltr'><strong>llrgo</strong></span> <span class='ocrx_word' id='word_1_265' title='bbox 462 2114 562 2175; x_wconf 90' lang='lat' dir='ltr'><strong>bonor</strong></span> <span class='ocrx_word' id='word_1_266' title='bbox 575 2113 739 2193; x_wconf 91' lang='lat' dir='ltr'><strong>plusquam</strong></span> <span class='ocrx_word' id='word_1_267' title='bbox 754 2112 853 2174; x_wconf 87' lang='lat' dir='ltr'><strong>cirilis</strong></span> <span class='ocrx_word' id='word_1_268' title='bbox 878 2113 930 2176; x_wconf 87' lang='lat' dir='ltr'><strong>du·</strong></span> <span class='ocrx_word' id='word_1_269' title='bbox 975 2111 1155 2188; x_wconf 79' lang='lat' dir='ltr'><strong>ambienter,</strong></span> <span class='ocrx_word' id='word_1_270' title='bbox 1173 2127 1263 2192; x_wconf 86' lang='lat' dir='ltr'><strong>quanr</strong></span> <span class='ocrx_word' id='word_1_271' title='bbox 1276 2111 1418 2186; x_wconf 82' lang='lat' dir='ltr'><strong>liaaliter‘,</strong></span> <span class='ocrx_word' id='word_1_272' title='bbox 1429 2113 1520 2190; x_wconf 89' lang='lat' dir='ltr'><strong>idest,</strong></span> <span class='ocrx_word' id='word_1_273' title='bbox 1536 2121 1834 2197; x_wconf 86' lang='lat' dir='ltr'><strong>operunlurprupter</strong></span> 
     </span>
     <span class='ocr_line' id='line_1_23' title="bbox 66 2194 1833 2278; baseline 0.003 -22"><span class='ocrx_word' id='word_1_274' title='bbox 66 2195 161 2258; x_wconf 83' lang='lat' dir='ltr'><strong>betur</strong></span> <span class='ocrx_word' id='word_1_275' title='bbox 174 2195 397 2274; x_wconf 88' lang='lat' dir='ltr'><strong>supernaturali</strong></span> <span class='ocrx_word' id='word_1_276' title='bbox 414 2195 537 2262; x_wconf 82' lang='lat' dir='ltr'><strong>uirtuti.</strong></span> <span class='ocrx_word' id='word_1_277' title='bbox 562 2195 744 2274; x_wconf 83' lang='lat' dir='ltr'><strong>sapientiae,</strong></span> <span class='ocrx_word' id='word_1_278' title='bbox 761 2195 903 2274; x_wconf 81' lang='lat' dir='ltr'><strong>potestati</strong></span> <span class='ocrx_word' id='word_1_279' title='bbox 921 2241 929 2268; x_wconf 93' lang='lat'><strong>,</strong></span> <span class='ocrx_word' id='word_1_280' title='bbox 975 2194 1137 2276; x_wconf 88' lang='lat' dir='ltr'><strong>Dominum</strong></span> <span class='ocrx_word' id='word_1_281' title='bbox 1154 2241 1161 2270; x_wconf 92' lang='lat'><strong>,</strong></span> <span class='ocrx_word' id='word_1_282' title='bbox 1188 2200 1220 2258; x_wconf 93' lang='lat' dir='ltr'><strong>et</strong></span> <span class='ocrx_word' id='word_1_283' title='bbox 1233 2195 1271 2257; x_wconf 92' lang='lat' dir='ltr'><strong>nb</strong></span> <span class='ocrx_word' id='word_1_284' title='bbox 1286 2195 1356 2273; x_wconf 89' lang='lat' dir='ltr'><strong>ipso</strong></span> <span class='ocrx_word' id='word_1_285' title='bbox 1372 2195 1501 2260; x_wconf 87' lang='lat' dir='ltr'><strong>llomlno</strong></span> <span class='ocrx_word' id='word_1_286' title='bbox 1528 2195 1602 2259; x_wconf 88' lang='lat' dir='ltr'><strong>moti</strong></span> <span class='ocrx_word' id='word_1_287' title='bbox 1619 2205 1770 2278; x_wconf 84' lang='lat' dir='ltr'><strong>tamquam</strong></span> <span class='ocrx_word' id='word_1_288' title='bbox 1786 2201 1833 2261; x_wconf 91' lang='lat' dir='ltr'><strong>in·</strong></span> 
     </span>
     <span class='ocr_line' id='line_1_24' title="bbox 66 2277 1831 2357; baseline 0.001 -17"><span class='ocrx_word' id='word_1_289' title='bbox 66 2279 238 2355; x_wconf 80' lang='lat' dir='ltr'><strong>nobiliteti3</strong></span> <span class='ocrx_word' id='word_1_290' title='bbox 255 2277 311 2342; x_wconf 87' lang='lat' dir='ltr'><strong>sed</strong></span> <span class='ocrx_word' id='word_1_291' title='bbox 326 2277 539 2357; x_wconf 89' lang='lat' dir='ltr'><strong>sanctiquoad</strong></span> <span class='ocrx_word' id='word_1_292' title='bbox 561 2278 688 2341; x_wconf 83' lang='lat' dir='ltr'><strong>uirtutes</strong></span> <span class='ocrx_word' id='word_1_293' title='bbox 716 2283 931 2356; x_wconf 85' lang='lat' dir='ltr'><strong>supernatura·</strong></span> <span class='ocrx_word' id='word_1_294' title='bbox 975 2283 1142 2341; x_wconf 89' lang='lat' dir='ltr'><strong>strumenta</strong></span> <span class='ocrx_word' id='word_1_295' title='bbox 1159 2279 1196 2340; x_wconf 86' lang='lat' dir='ltr'><strong>od</strong></span> <span class='ocrx_word' id='word_1_296' title='bbox 1214 2278 1414 2357; x_wconf 87' lang='lat' dir='ltr'><strong>operandum,</strong></span> <span class='ocrx_word' id='word_1_297' title='bbox 1431 2286 1463 2340; x_wconf 92' lang='lat' dir='ltr'><strong>at</strong></span> <span class='ocrx_word' id='word_1_298' title='bbox 1475 2279 1599 2342; x_wconf 74' lang='lat' dir='ltr'><strong>Aristot.</strong></span> <span class='ocrx_word' id='word_1_299' title='bbox 1616 2282 1717 2354; x_wconf 86' lang='lat' dir='ltr'><strong>ducet,</strong></span> <span class='ocrx_word' id='word_1_300' title='bbox 1733 2281 1831 2345; x_wconf 70' lang='grc'><strong>1111.</strong></span> 
     </span>
     <span class='ocr_line' id='line_1_25' title="bbox 68 2357 1833 2445; baseline 0.002 -23"><span class='ocrx_word' id='word_1_301' title='bbox 68 2362 131 2434; x_wconf 86' lang='lat' dir='ltr'><strong>les,</strong></span> <span class='ocrx_word' id='word_1_302' title='bbox 144 2361 306 2425; x_wconf 79' lang='lat' dir='ltr'><strong>&#39;excellunt</strong></span> <span class='ocrx_word' id='word_1_303' title='bbox 320 2363 458 2435; x_wconf 88' lang='lat' dir='ltr'><strong>omnino,</strong></span> <span class='ocrx_word' id='word_1_304' title='bbox 475 2376 545 2423; x_wconf 92' lang='lat' dir='ltr'><strong>curn</strong></span> <span class='ocrx_word' id='word_1_305' title='bbox 561 2361 702 2423; x_wconf 85' lang='lat' dir='ltr'><strong>serresn&#39;t</strong></span> <span class='ocrx_word' id='word_1_306' title='bbox 717 2359 817 2422; x_wconf 90' lang='lat' dir='ltr'><strong>dirlna</strong></span> <span class='ocrx_word' id='word_1_307' title='bbox 833 2362 931 2423; x_wconf 86' lang='lat' dir='ltr'><strong>cbari·</strong></span> <span class='ocrx_word' id='word_1_308' title='bbox 976 2360 1064 2424; x_wconf 77' lang='lat' dir='ltr'><strong>l&#39;olit.</strong></span> <span class='ocrx_word' id='word_1_309' title='bbox 1081 2377 1149 2440; x_wconf 91' lang='lat' dir='ltr'><strong>cap.</strong></span> <span class='ocrx_word' id='word_1_310' title='bbox 1166 2357 1196 2423; x_wconf 87' lang='grc'><strong>3.</strong></span> <span class='ocrx_word' id='word_1_311' title='bbox 1214 2359 1395 2440; x_wconf 87' lang='lat' dir='ltr'><strong>lmporlecta</strong></span> <span class='ocrx_word' id='word_1_312' title='bbox 1424 2363 1557 2425; x_wconf 83' lang='lat' dir='ltr'><strong>seruitus</strong></span> <span class='ocrx_word' id='word_1_313' title='bbox 1569 2372 1615 2425; x_wconf 90' lang='lat' dir='ltr'><strong>est</strong></span> <span class='ocrx_word' id='word_1_314' title='bbox 1630 2379 1749 2436; x_wconf 88' lang='lat' dir='ltr'><strong>eorum,</strong></span> <span class='ocrx_word' id='word_1_315' title='bbox 1779 2365 1833 2445; x_wconf 89' lang='lat' dir='ltr'><strong>qui</strong></span> 
     </span>
     <span class='ocr_line' id='line_1_26' title="bbox 66 2441 1831 2530; baseline 0.002 -26"><span class='ocrx_word' id='word_1_316' title='bbox 66 2448 142 2519; x_wconf 88' lang='lat' dir='ltr'><strong>tete,</strong></span> <span class='ocrx_word' id='word_1_317' title='bbox 160 2451 190 2506; x_wconf 90' lang='lat' dir='ltr'><strong>ct</strong></span> <span class='ocrx_word' id='word_1_318' title='bbox 206 2459 336 2522; x_wconf 87' lang='lat' dir='ltr'><strong>peccare</strong></span> <span class='ocrx_word' id='word_1_319' title='bbox 352 2461 414 2508; x_wconf 92' lang='lat' dir='ltr'><strong>uon</strong></span> <span class='ocrx_word' id='word_1_320' title='bbox 430 2446 568 2524; x_wconf 83' lang='lat' dir='ltr'><strong>possint:</strong></span> <span class='ocrx_word' id='word_1_321' title='bbox 599 2443 676 2508; x_wconf 90' lang='lat' dir='ltr'><strong>nibil</strong></span> <span class='ocrx_word' id='word_1_322' title='bbox 692 2443 774 2506; x_wconf 88' lang='lat' dir='ltr'><strong>enirn</strong></span> <span class='ocrx_word' id='word_1_323' title='bbox 790 2444 930 2530; x_wconf 91' lang='lat' dir='ltr'><strong>inquina·</strong></span> <span class='ocrx_word' id='word_1_324' title='bbox 976 2445 1094 2522; x_wconf 91' lang='lat' dir='ltr'><strong>aliquid</strong></span> <span class='ocrx_word' id='word_1_325' title='bbox 1119 2445 1226 2506; x_wconf 86' lang='lat' dir='ltr'><strong>numm</strong></span> <span class='ocrx_word' id='word_1_326' title='bbox 1250 2441 1376 2515; x_wconf 85' lang='lat' dir='ltr'><strong>babent,</strong></span> <span class='ocrx_word' id='word_1_327' title='bbox 1393 2459 1455 2506; x_wconf 93' lang='lat' dir='ltr'><strong>non</strong></span> <span class='ocrx_word' id='word_1_328' title='bbox 1471 2451 1572 2507; x_wconf 90' lang='lat' dir='ltr'><strong>temen</strong></span> <span class='ocrx_word' id='word_1_329' title='bbox 1586 2447 1711 2516; x_wconf 84' lang='lat' dir='ltr'><strong>omnic,</strong></span> <span class='ocrx_word' id='word_1_330' title='bbox 1737 2447 1831 2520; x_wconf 83' lang='lat' dir='ltr'><strong>idest,</strong></span> 
     </span>
     <span class='ocr_line' id='line_1_27' title="bbox 65 2525 1833 2607; baseline 0.003 -20"><span class='ocrx_word' id='word_1_331' title='bbox 65 2532 132 2588; x_wconf 93' lang='lat' dir='ltr'><strong>tum</strong></span> <span class='ocrx_word' id='word_1_332' title='bbox 160 2527 272 2589; x_wconf 88' lang='lat' dir='ltr'><strong>intrare</strong></span> <span class='ocrx_word' id='word_1_333' title='bbox 287 2531 389 2606; x_wconf 86' lang='lat' dir='ltr'><strong>potest</strong></span> <span class='ocrx_word' id='word_1_334' title='bbox 401 2525 434 2588; x_wconf 93' lang='lat' dir='ltr'><strong>in</strong></span> <span class='ocrx_word' id='word_1_335' title='bbox 450 2538 578 2606; x_wconf 88' lang='lat' dir='ltr'><strong>regnum</strong></span> <span class='ocrx_word' id='word_1_336' title='bbox 608 2527 777 2603; x_wconf 90' lang='lat' dir='ltr'><strong>coelorum,</strong></span> <span class='ocrx_word' id='word_1_337' title='bbox 805 2525 930 2605; x_wconf 78' lang='lat' dir='ltr'><strong>Apocul.</strong></span> <span class='ocrx_word' id='word_1_338' title='bbox 975 2528 1027 2607; x_wconf 91' lang='lat' dir='ltr'><strong>qui</strong></span> <span class='ocrx_word' id='word_1_339' title='bbox 1045 2535 1204 2590; x_wconf 85' lang='lat' dir='ltr'><strong>morentur</strong></span> <span class='ocrx_word' id='word_1_340' title='bbox 1218 2525 1256 2587; x_wconf 86' lang='lat' dir='ltr'><strong>nb</strong></span> <span class='ocrx_word' id='word_1_341' title='bbox 1268 2527 1328 2589; x_wconf 93' lang='lat' dir='ltr'><strong>elio</strong></span> <span class='ocrx_word' id='word_1_342' title='bbox 1340 2525 1445 2605; x_wconf 85' lang='lat' dir='ltr'><strong>eliquc</strong></span> <span class='ocrx_word' id='word_1_343' title='bbox 1460 2529 1563 2590; x_wconf 91' lang='lat' dir='ltr'><strong>ruodo.</strong></span> <span class='ocrx_word' id='word_1_344' title='bbox 1575 2529 1776 2592; x_wconf 85' lang='lat' dir='ltr'><strong>undeintans</strong></span> <span class='ocrx_word' id='word_1_345' title='bbox 1788 2531 1833 2592; x_wconf 80' lang='lat' dir='ltr'><strong>di·</strong></span> 
     </span>
     <span class='ocr_line' id='line_1_28' title="bbox 64 2599 1833 2689; baseline 0.001 -19"><span class='ocrx_word' id='word_1_346' title='bbox 64 2607 119 2671; x_wconf 94' lang='grc'><strong>21.</strong></span> <span class='ocrx_word' id='word_1_347' title='bbox 139 2609 241 2684; x_wconf 88' lang='lat' dir='ltr'><strong>anud</strong></span> <span class='ocrx_word' id='word_1_348' title='bbox 258 2607 453 2689; x_wconf 87' lang='lat' dir='ltr'><strong>sapientiem,</strong></span> <span class='ocrx_word' id='word_1_349' title='bbox 465 2611 569 2673; x_wconf 88' lang='lat' dir='ltr'><strong>rident</strong></span> <span class='ocrx_word' id='word_1_350' title='bbox 581 2609 680 2687; x_wconf 88' lang='lat' dir='ltr'><strong>ipsam</strong></span> <span class='ocrx_word' id='word_1_351' title='bbox 691 2609 872 2689; x_wconf 86' lang='lat' dir='ltr'><strong>sapientiem</strong></span> <span class='ocrx_word' id='word_1_352' title='bbox 885 2607 931 2670; x_wconf 92' lang='lat' dir='ltr'><strong>in·</strong></span> <span class='ocrx_word' id='word_1_353' title='bbox 975 2612 1055 2672; x_wconf 89' lang='lat' dir='ltr'><strong>citur</strong></span> <span class='ocrx_word' id='word_1_354' title='bbox 1070 2610 1146 2671; x_wconf 88' lang='lat' dir='ltr'><strong>nibil</strong></span> <span class='ocrx_word' id='word_1_355' title='bbox 1163 2599 1285 2672; x_wconf 78' lang='lat' dir='ltr'><strong>differre</strong></span> <span class='ocrx_word' id='word_1_356' title='bbox 1300 2625 1314 2670; x_wconf 92' lang='lat' dir='ltr'><strong>a</strong></span> <span class='ocrx_word' id='word_1_357' title='bbox 1332 2623 1431 2684; x_wconf 75' lang='lat' dir='ltr'><strong>seruo,</strong></span> <span class='ocrx_word' id='word_1_358' title='bbox 1462 2609 1536 2672; x_wconf 89' lang='lat' dir='ltr'><strong>licet</strong></span> <span class='ocrx_word' id='word_1_359' title='bbox 1550 2609 1590 2672; x_wconf 90' lang='lat' dir='ltr'><strong>sit</strong></span> <span class='ocrx_word' id='word_1_360' title='bbox 1605 2611 1760 2684; x_wconf 88' lang='lat' dir='ltr'><strong>dominus,</strong></span> <span class='ocrx_word' id='word_1_361' title='bbox 1778 2612 1833 2675; x_wconf 86' lang='lat' dir='ltr'><strong>(la-</strong></span> 
     </span>
     <span class='ocr_line' id='line_1_29' title="bbox 63 2684 1833 2770; baseline 0.002 -17"><span class='ocrx_word' id='word_1_362' title='bbox 63 2697 253 2765; x_wconf 78' lang='lat' dir='ltr'><strong>mentemst</strong></span> <span class='ocrx_word' id='word_1_363' title='bbox 268 2692 299 2752; x_wconf 91' lang='lat' dir='ltr'><strong>ln</strong></span> <span class='ocrx_word' id='word_1_364' title='bbox 315 2707 350 2754; x_wconf 87' lang='lat' dir='ltr'><strong>ea</strong></span> <span class='ocrx_word' id='word_1_365' title='bbox 365 2699 557 2770; x_wconf 85' lang='lat' dir='ltr'><strong>cognoscunt</strong></span> <span class='ocrx_word' id='word_1_366' title='bbox 571 2707 673 2755; x_wconf 90' lang='lat' dir='ltr'><strong>rerum</strong></span> <span class='ocrx_word' id='word_1_367' title='bbox 689 2692 826 2754; x_wconf 89' lang='lat' dir='ltr'><strong>omnium</strong></span> <span class='ocrx_word' id='word_1_368' title='bbox 842 2709 930 2754; x_wconf 73' lang='lat' dir='ltr'><strong>cans¹</strong></span> <span class='ocrx_word' id='word_1_369' title='bbox 974 2695 1027 2755; x_wconf 91' lang='lat' dir='ltr'><strong>lut.</strong></span> <span class='ocrx_word' id='word_1_370' title='bbox 1043 2684 1074 2754; x_wconf 80' lang='lat' dir='ltr'><strong>l.</strong></span> <span class='ocrx_word' id='word_1_371' title='bbox 1090 2693 1159 2770; x_wconf 90' lang='lat' dir='ltr'><strong>qula</strong></span> <span class='ocrx_word' id='word_1_372' title='bbox 1176 2698 1314 2759; x_wconf 86' lang='lat' dir='ltr'><strong>moretur</strong></span> <span class='ocrx_word' id='word_1_373' title='bbox 1328 2691 1366 2753; x_wconf 90' lang='lat' dir='ltr'><strong>ab</strong></span> <span class='ocrx_word' id='word_1_374' title='bbox 1379 2693 1439 2753; x_wconf 91' lang='lat' dir='ltr'><strong>alio</strong></span> <span class='ocrx_word' id='word_1_375' title='bbox 1455 2688 1610 2755; x_wconf 84' lang='lat' dir='ltr'><strong>ellectire:</strong></span> <span class='ocrx_word' id='word_1_376' title='bbox 1628 2701 1659 2756; x_wconf 89' lang='lat' dir='ltr'><strong>et</strong></span> <span class='ocrx_word' id='word_1_377' title='bbox 1674 2701 1790 2769; x_wconf 89' lang='lat' dir='ltr'><strong>contra,</strong></span> <span class='ocrx_word' id='word_1_378' title='bbox 1804 2697 1833 2757; x_wconf 91' lang='lat' dir='ltr'><strong>is</strong></span> 
     </span>
     <span class='ocr_line' id='line_1_30' title="bbox 63 2767 1833 2859; baseline 0.002 -23"><span class='ocrx_word' id='word_1_379' title='bbox 63 2791 129 2846; x_wconf 90' lang='lat' dir='ltr'><strong>sus,</strong></span> <span class='ocrx_word' id='word_1_380' title='bbox 156 2774 240 2853; x_wconf 85' lang='lat' dir='ltr'><strong>juria</strong></span> <span class='ocrx_word' id='word_1_381' title='bbox 266 2774 356 2847; x_wconf 86' lang='lat' dir='ltr'><strong>illud,</strong></span> <span class='ocrx_word' id='word_1_382' title='bbox 374 2767 525 2836; x_wconf 68' lang='grc'><strong>11111115.</strong></span> <span class='ocrx_word' id='word_1_383' title='bbox 541 2775 633 2837; x_wconf 83' lang='lat' dir='ltr'><strong>lleoii</strong></span> <span class='ocrx_word' id='word_1_384' title='bbox 658 2773 781 2841; x_wconf 81' lang='lat' dir='ltr'><strong>mundo</strong></span> <span class='ocrx_word' id='word_1_385' title='bbox 807 2775 925 2851; x_wconf 87' lang='lat' dir='ltr'><strong>corde,</strong></span> <span class='ocrx_word' id='word_1_386' title='bbox 975 2775 1027 2850; x_wconf 93' lang='lat' dir='ltr'><strong>qul</strong></span> <span class='ocrx_word' id='word_1_387' title='bbox 1043 2775 1132 2855; x_wconf 89' lang='lat' dir='ltr'><strong>regit,</strong></span> <span class='ocrx_word' id='word_1_388' title='bbox 1150 2773 1262 2837; x_wconf 89' lang='lat' dir='ltr'><strong>dicitur</strong></span> <span class='ocrx_word' id='word_1_389' title='bbox 1273 2789 1381 2859; x_wconf 76' lang='lat' dir='ltr'><strong>serras</strong></span> <span class='ocrx_word' id='word_1_390' title='bbox 1395 2790 1501 2838; x_wconf 89' lang='lat' dir='ltr'><strong>eurum</strong></span> <span class='ocrx_word' id='word_1_391' title='bbox 1518 2789 1596 2854; x_wconf 84' lang='lat' dir='ltr'><strong>qnos</strong></span> <span class='ocrx_word' id='word_1_392' title='bbox 1611 2777 1747 2856; x_wconf 67' lang='grc' dir='ltr'><strong>11ρί12.</strong></span> <span class='ocrx_word' id='word_1_393' title='bbox 1762 2777 1833 2840; x_wconf 82' lang='lat' dir='ltr'><strong>Gor.</strong></span> 
     </span>
     <span class='ocr_line' id='line_1_31' title="bbox 63 2856 1833 2938; baseline 0.001 -18"><span class='ocrx_word' id='word_1_394' title='bbox 63 2859 226 2936; x_wconf 82' lang='lat' dir='ltr'><strong>quonium</strong></span> <span class='ocrx_word' id='word_1_395' title='bbox 235 2857 301 2936; x_wconf 83' lang='lat' dir='ltr'><strong>ipsi</strong></span> <span class='ocrx_word' id='word_1_396' title='bbox 314 2857 416 2920; x_wconf 80' lang='lat' dir='ltr'><strong>baim</strong></span> <span class='ocrx_word' id='word_1_397' title='bbox 428 2856 596 2921; x_wconf 80' lang='lat' dir='ltr'><strong>etdcbaun.</strong></span> <span class='ocrx_word' id='word_1_398' title='bbox 614 2857 719 2931; x_wconf 81' lang='lat' dir='ltr'><strong>Quoad</strong></span> <span class='ocrx_word' id='word_1_399' title='bbox 735 2863 928 2937; x_wconf 88' lang='lat' dir='ltr'><strong>potestatem,</strong></span> <span class='ocrx_word' id='word_1_400' title='bbox 975 2857 1005 2920; x_wconf 84' lang='lat' dir='ltr'><strong>l.</strong></span> <span class='ocrx_word' id='word_1_401' title='bbox 1022 2857 1080 2922; x_wconf 85' lang='lat' dir='ltr'><strong>llus</strong></span> <span class='ocrx_word' id='word_1_402' title='bbox 1095 2861 1206 2920; x_wconf 86' lang='lat' dir='ltr'><strong>nutem</strong></span> <span class='ocrx_word' id='word_1_403' title='bbox 1218 2871 1326 2920; x_wconf 85' lang='lat' dir='ltr'><strong>seruos</strong></span> <span class='ocrx_word' id='word_1_404' title='bbox 1338 2863 1458 2920; x_wconf 83' lang='lat' dir='ltr'><strong>uestros</strong></span> <span class='ocrx_word' id='word_1_405' title='bbox 1468 2875 1527 2937; x_wconf 89' lang='lat' dir='ltr'><strong>pcr</strong></span> <span class='ocrx_word' id='word_1_406' title='bbox 1540 2859 1669 2934; x_wconf 66' lang='lat' dir='ltr'><strong>desumi</strong></span> <span class='ocrx_word' id='word_1_407' title='bbox 1685 2862 1753 2938; x_wconf 85' lang='lat' dir='ltr'><strong>quie</strong></span> <span class='ocrx_word' id='word_1_408' title='bbox 1769 2873 1833 2921; x_wconf 65' lang='lat' dir='ltr'><strong>moa</strong></span> 
     </span>
     <span class='ocr_line' id='line_1_32' title="bbox 63 2937 1834 3020; baseline 0.002 -18"><span class='ocrx_word' id='word_1_409' title='bbox 63 2944 139 3002; x_wconf 89' lang='lat' dir='ltr'><strong>suni</strong></span> <span class='ocrx_word' id='word_1_410' title='bbox 150 2955 241 3019; x_wconf 90' lang='lat' dir='ltr'><strong>reges</strong></span> <span class='ocrx_word' id='word_1_411' title='bbox 254 2939 424 3012; x_wconf 84' lang='lat' dir='ltr'><strong>coelorum,</strong></span> <span class='ocrx_word' id='word_1_412' title='bbox 438 2946 469 3002; x_wconf 92' lang='lat' dir='ltr'><strong>et</strong></span> <span class='ocrx_word' id='word_1_413' title='bbox 480 2940 647 3020; x_wconf 82' lang='lat' dir='ltr'><strong>participes</strong></span> <span class='ocrx_word' id='word_1_414' title='bbox 659 2940 757 3018; x_wconf 91' lang='lat' dir='ltr'><strong>ipsius</strong></span> <span class='ocrx_word' id='word_1_415' title='bbox 769 2939 925 3001; x_wconf 81' lang='grc'><strong>1111011111-</strong></span> <span class='ocrx_word' id='word_1_416' title='bbox 973 2947 1060 3003; x_wconf 89' lang='lat' dir='ltr'><strong>retur</strong></span> <span class='ocrx_word' id='word_1_417' title='bbox 1075 2941 1113 3002; x_wconf 88' lang='lat' dir='ltr'><strong>ab</strong></span> <span class='ocrx_word' id='word_1_418' title='bbox 1126 2940 1185 3002; x_wconf 86' lang='lat' dir='ltr'><strong>atio</strong></span> <span class='ocrx_word' id='word_1_419' title='bbox 1202 2937 1344 3001; x_wconf 89' lang='lat' dir='ltr'><strong>ssualiier.</strong></span> <span class='ocrx_word' id='word_1_420' title='bbox 1359 2939 1419 3003; x_wconf 88' lang='lat' dir='ltr'><strong>llos</strong></span> <span class='ocrx_word' id='word_1_421' title='bbox 1431 2956 1506 3020; x_wconf 88' lang='lat' dir='ltr'><strong>ergo</strong></span> <span class='ocrx_word' id='word_1_422' title='bbox 1518 2943 1712 3018; x_wconf 75' lang='lat' dir='ltr'><strong>etiamsinon</strong></span> <span class='ocrx_word' id='word_1_423' title='bbox 1724 2959 1834 3006; x_wconf 82' lang='lat' dir='ltr'><strong>sumus</strong></span> 
     </span>
     <span class='ocr_line' id='line_1_33' title="bbox 64 3021 1832 3104; baseline 0.002 -21"><span class='ocrx_word' id='word_1_424' title='bbox 64 3021 140 3098; x_wconf 88' lang='lat' dir='ltr'><strong>rici,</strong></span> <span class='ocrx_word' id='word_1_425' title='bbox 158 3027 190 3084; x_wconf 92' lang='lat' dir='ltr'><strong>ui</strong></span> <span class='ocrx_word' id='word_1_426' title='bbox 204 3021 315 3085; x_wconf 92' lang='lat' dir='ltr'><strong>dicitur</strong></span> <span class='ocrx_word' id='word_1_427' title='bbox 330 3022 361 3084; x_wconf 94' lang='lat' dir='ltr'><strong>in</strong></span> <span class='ocrx_word' id='word_1_428' title='bbox 377 3022 474 3100; x_wconf 83' lang='lat' dir='ltr'><strong>dpoc.</strong></span> <span class='ocrx_word' id='word_1_429' title='bbox 491 3039 561 3100; x_wconf 90' lang='lat' dir='ltr'><strong>cap.</strong></span> <span class='ocrx_word' id='word_1_430' title='bbox 577 3021 608 3083; x_wconf 81' lang='lat'><strong>3.</strong></span> <span class='ocrx_word' id='word_1_431' title='bbox 628 3021 689 3100; x_wconf 86' lang='lat' dir='ltr'><strong>Qui</strong></span> <span class='ocrx_word' id='word_1_432' title='bbox 705 3023 828 3097; x_wconf 74' lang='lat' dir='ltr'><strong>uicerit,</strong></span> <span class='ocrx_word' id='word_1_433' title='bbox 845 3021 929 3085; x_wconf 87' lang='lat' dir='ltr'><strong>dubo</strong></span> <span class='ocrx_word' id='word_1_434' title='bbox 974 3025 1054 3087; x_wconf 85' lang='lat' dir='ltr'><strong>servi</strong></span> <span class='ocrx_word' id='word_1_435' title='bbox 1070 3030 1245 3087; x_wconf 86' lang='lat' dir='ltr'><strong>sauctorum</strong></span> <span class='ocrx_word' id='word_1_436' title='bbox 1264 3021 1412 3100; x_wconf 84' lang='lat' dir='ltr'><strong>perlecte,</strong></span> <span class='ocrx_word' id='word_1_437' title='bbox 1432 3039 1544 3088; x_wconf 88' lang='lat' dir='ltr'><strong>sumus</strong></span> <span class='ocrx_word' id='word_1_438' title='bbox 1557 3030 1659 3087; x_wconf 88' lang='lat' dir='ltr'><strong>temon</strong></span> <span class='ocrx_word' id='word_1_439' title='bbox 1688 3023 1832 3104; x_wconf 88' lang='lat' dir='ltr'><strong>imperia·</strong></span> 
     </span>
     <span class='ocr_line' id='line_1_34' title="bbox 66 3103 1832 3188; baseline 0.002 -20"><span class='ocrx_word' id='word_1_440' title='bbox 66 3104 220 3168; x_wconf 81' lang='lat' dir='ltr'><strong>ciocdcrc</strong></span> <span class='ocrx_word' id='word_1_441' title='bbox 233 3119 360 3169; x_wconf 85' lang='lat' dir='ltr'><strong>mecum</strong></span> <span class='ocrx_word' id='word_1_442' title='bbox 373 3105 411 3167; x_wconf 86' lang='lat' dir='ltr'><strong>c&#39;n</strong></span> <span class='ocrx_word' id='word_1_443' title='bbox 422 3104 538 3168; x_wconf 86' lang='lat' dir='ltr'><strong>ibrono</strong></span> <span class='ocrx_word' id='word_1_444' title='bbox 553 3121 636 3170; x_wconf 85' lang='lat' dir='ltr'><strong>meu.</strong></span> <span class='ocrx_word' id='word_1_445' title='bbox 653 3105 690 3166; x_wconf 87' lang='lat' dir='ltr'><strong>lli</strong></span> <span class='ocrx_word' id='word_1_446' title='bbox 706 3105 778 3167; x_wconf 83' lang='lat' dir='ltr'><strong>Luc.</strong></span> <span class='ocrx_word' id='word_1_447' title='bbox 794 3103 846 3166; x_wconf 88' lang='grc'><strong>22.</strong></span> <span class='ocrx_word' id='word_1_448' title='bbox 862 3105 929 3184; x_wconf 83' lang='lat' dir='ltr'><strong>llqo</strong></span> <span class='ocrx_word' id='word_1_449' title='bbox 974 3113 1034 3179; x_wconf 89' lang='lat' dir='ltr'><strong>cte,</strong></span> <span class='ocrx_word' id='word_1_450' title='bbox 1051 3113 1201 3188; x_wconf 90' lang='lat' dir='ltr'><strong>quatenns</strong></span> <span class='ocrx_word' id='word_1_451' title='bbox 1217 3105 1260 3168; x_wconf 93' lang='lat' dir='ltr'><strong>illl</strong></span> <span class='ocrx_word' id='word_1_452' title='bbox 1279 3119 1337 3166; x_wconf 91' lang='lat' dir='ltr'><strong>nos</strong></span> <span class='ocrx_word' id='word_1_453' title='bbox 1352 3112 1474 3169; x_wconf 88' lang='lat' dir='ltr'><strong>morcui</strong></span> <span class='ocrx_word' id='word_1_454' title='bbox 1489 3113 1520 3169; x_wconf 89' lang='lat' dir='ltr'><strong>ct</strong></span> <span class='ocrx_word' id='word_1_455' title='bbox 1529 3107 1637 3188; x_wconf 76' lang='lat' dir='ltr'><strong>juerant</strong></span> <span class='ocrx_word' id='word_1_456' title='bbox 1652 3107 1688 3169; x_wconf 88' lang='lat' dir='ltr'><strong>ed</strong></span> <span class='ocrx_word' id='word_1_457' title='bbox 1702 3107 1783 3176; x_wconf 84' lang='lat' dir='ltr'><strong>benc</strong></span> <span class='ocrx_word' id='word_1_458' title='bbox 1800 3124 1832 3171; x_wconf 90' lang='lat' dir='ltr'><strong>o·</strong></span> 
     </span>
     <span class='ocr_line' id='line_1_35' title="bbox 65 3187 1831 3268; baseline 0.002 -18"><span class='ocrx_word' id='word_1_459' title='bbox 65 3187 206 3267; x_wconf 83' lang='lat' dir='ltr'><strong>dispono</strong></span> <span class='ocrx_word' id='word_1_460' title='bbox 226 3187 326 3263; x_wconf 68' lang='lat' dir='ltr'><strong>nobb,</strong></span> <span class='ocrx_word' id='word_1_461' title='bbox 352 3188 437 3250; x_wconf 85' lang='lat' dir='ltr'><strong>sicui</strong></span> <span class='ocrx_word' id='word_1_462' title='bbox 462 3187 623 3267; x_wconf 85' lang='lat' dir='ltr'><strong>disposuit</strong></span> <span class='ocrx_word' id='word_1_463' title='bbox 636 3187 720 3250; x_wconf 84' lang='lat' dir='ltr'><strong>mibi</strong></span> <span class='ocrx_word' id='word_1_464' title='bbox 730 3188 826 3250; x_wconf 85' lang='lat' dir='ltr'><strong>Polcr</strong></span> <span class='ocrx_word' id='word_1_465' title='bbox 838 3202 930 3250; x_wconf 86' lang='lat' dir='ltr'><strong>meus</strong></span> <span class='ocrx_word' id='word_1_466' title='bbox 974 3191 1142 3265; x_wconf 86' lang='lat' dir='ltr'><strong>perandum</strong></span> <span class='ocrx_word' id='word_1_467' title='bbox 1172 3189 1313 3264; x_wconf 86' lang='lat' dir='ltr'><strong>exemplu</strong></span> <span class='ocrx_word' id='word_1_468' title='bbox 1342 3203 1409 3262; x_wconf 93' lang='lat' dir='ltr'><strong>suo,</strong></span> <span class='ocrx_word' id='word_1_469' title='bbox 1440 3194 1472 3252; x_wconf 87' lang='lat' dir='ltr'><strong>et</strong></span> <span class='ocrx_word' id='word_1_470' title='bbox 1494 3189 1719 3253; x_wconf 87' lang='lat' dir='ltr'><strong>intercessione</strong></span> <span class='ocrx_word' id='word_1_471' title='bbox 1748 3192 1831 3268; x_wconf 89' lang='lat' dir='ltr'><strong>apud</strong></span> 
     </span>
     <span class='ocr_line' id='line_1_36' title="bbox 65 3265 1835 3349; baseline 0.001 -17"><span class='ocrx_word' id='word_1_472' title='bbox 65 3285 217 3349; x_wconf 79' lang='lat' dir='ltr'><strong>regnum.</strong></span> <span class='ocrx_word' id='word_1_473' title='bbox 234 3269 341 3348; x_wconf 84' lang='lat' dir='ltr'><strong>Quoad</strong></span> <span class='ocrx_word' id='word_1_474' title='bbox 358 3270 563 3346; x_wconf 89' lang='lat' dir='ltr'><strong>nobilitatem,</strong></span> <span class='ocrx_word' id='word_1_475' title='bbox 581 3276 653 3333; x_wconf 89' lang='lat' dir='ltr'><strong>suut</strong></span> <span class='ocrx_word' id='word_1_476' title='bbox 667 3270 722 3332; x_wconf 91' lang='grc'><strong>11111</strong></span> <span class='ocrx_word' id='word_1_477' title='bbox 736 3269 810 3342; x_wconf 84' lang='lat' dir='ltr'><strong>liei,</strong></span> <span class='ocrx_word' id='word_1_478' title='bbox 827 3271 929 3348; x_wconf 90' lang='lat' dir='ltr'><strong>reipsa</strong></span> <span class='ocrx_word' id='word_1_479' title='bbox 973 3273 1084 3336; x_wconf 83' lang='lat' dir='ltr'><strong>Deum.</strong></span> <span class='ocrx_word' id='word_1_480' title='bbox 1100 3265 1178 3336; x_wconf 87' lang='lat' dir='ltr'><strong>lliuc</strong></span> <span class='ocrx_word' id='word_1_481' title='bbox 1193 3271 1225 3334; x_wconf 95' lang='lat' dir='ltr'><strong>b.</strong></span> <span class='ocrx_word' id='word_1_482' title='bbox 1243 3270 1387 3332; x_wconf 88' lang='lat' dir='ltr'><strong>Paulinus</strong></span> <span class='ocrx_word' id='word_1_483' title='bbox 1417 3272 1512 3334; x_wconf 86' lang='lat' dir='ltr'><strong>natal.</strong></span> <span class='ocrx_word' id='word_1_484' title='bbox 1527 3273 1556 3334; x_wconf 96' lang='grc'><strong>1.</strong></span> <span class='ocrx_word' id='word_1_485' title='bbox 1573 3271 1604 3333; x_wconf 91' lang='grc'><strong>2.</strong></span> <span class='ocrx_word' id='word_1_486' title='bbox 1617 3279 1649 3336; x_wconf 85' lang='lat' dir='ltr'><strong>ei</strong></span> <span class='ocrx_word' id='word_1_487' title='bbox 1663 3269 1694 3334; x_wconf 80' lang='lat'><strong>3.</strong></span> <span class='ocrx_word' id='word_1_488' title='bbox 1711 3287 1737 3335; x_wconf 89' lang='lat' dir='ltr'><strong>s.</strong></span> <span class='ocrx_word' id='word_1_489' title='bbox 1754 3273 1835 3336; x_wconf 79' lang='lat' dir='ltr'><strong>retu</strong></span> 
     </span>
     <span class='ocr_line' id='line_1_37' title="bbox 64 3351 1835 3435; baseline 0.002 -21"><span class='ocrx_word' id='word_1_490' title='bbox 64 3352 130 3433; x_wconf 84' lang='lat' dir='ltr'><strong>jem</strong></span> <span class='ocrx_word' id='word_1_491' title='bbox 147 3353 312 3431; x_wconf 88' lang='lat' dir='ltr'><strong>adoptione</strong></span> <span class='ocrx_word' id='word_1_492' title='bbox 338 3351 514 3416; x_wconf 83' lang='lat' dir='ltr'><strong>confirmata</strong></span> <span class='ocrx_word' id='word_1_493' title='bbox 529 3369 585 3433; x_wconf 92' lang='lat' dir='ltr'><strong>per</strong></span> <span class='ocrx_word' id='word_1_494' title='bbox 599 3353 738 3433; x_wconf 78' lang='lat' dir='ltr'><strong>gloriam.</strong></span> <span class='ocrx_word' id='word_1_495' title='bbox 755 3353 851 3432; x_wconf 90' lang='lat' dir='ltr'><strong>lgitur</strong></span> <span class='ocrx_word' id='word_1_496' title='bbox 865 3369 927 3416; x_wconf 90' lang='lat' dir='ltr'><strong>me·</strong></span> <span class='ocrx_word' id='word_1_497' title='bbox 975 3357 1032 3432; x_wconf 89' lang='lat' dir='ltr'><strong>cis,</strong></span> <span class='ocrx_word' id='word_1_498' title='bbox 1062 3356 1176 3435; x_wconf 87' lang='lat' dir='ltr'><strong>passim</strong></span> <span class='ocrx_word' id='word_1_499' title='bbox 1204 3360 1293 3415; x_wconf 89' lang='lat' dir='ltr'><strong>rocat</strong></span> <span class='ocrx_word' id='word_1_500' title='bbox 1306 3369 1340 3415; x_wconf 89' lang='lat' dir='ltr'><strong>se</strong></span> <span class='ocrx_word' id='word_1_501' title='bbox 1356 3354 1501 3416; x_wconf 90' lang='lat' dir='ltr'><strong>lamulum</strong></span> <span class='ocrx_word' id='word_1_502' title='bbox 1526 3361 1558 3417; x_wconf 89' lang='lat' dir='ltr'><strong>et</strong></span> <span class='ocrx_word' id='word_1_503' title='bbox 1572 3371 1695 3417; x_wconf 88' lang='lat' dir='ltr'><strong>serrum</strong></span> <span class='ocrx_word' id='word_1_504' title='bbox 1710 3371 1737 3417; x_wconf 92' lang='lat' dir='ltr'><strong>s.</strong></span> <span class='ocrx_word' id='word_1_505' title='bbox 1753 3355 1835 3418; x_wconf 76' lang='grc'><strong>11111-</strong></span> 
     </span>
     <span class='ocr_line' id='line_1_38' title="bbox 68 3429 1834 3518; baseline 0.002 -22"><span class='ocrx_word' id='word_1_506' title='bbox 68 3435 140 3510; x_wconf 81' lang='lat' dir='ltr'><strong>rlto,</strong></span> <span class='ocrx_word' id='word_1_507' title='bbox 153 3433 287 3516; x_wconf 88' lang='lat' dir='ltr'><strong>jureque</strong></span> <span class='ocrx_word' id='word_1_508' title='bbox 312 3435 428 3516; x_wconf 87' lang='lat' dir='ltr'><strong>optimo</strong></span> <span class='ocrx_word' id='word_1_509' title='bbox 443 3429 591 3516; x_wconf 86' lang='lat' dir='ltr'><strong>religioso</strong></span> <span class='ocrx_word' id='word_1_510' title='bbox 606 3435 691 3499; x_wconf 92' lang='lat' dir='ltr'><strong>cultu</strong></span> <span class='ocrx_word' id='word_1_511' title='bbox 719 3437 930 3516; x_wconf 89' lang='lat' dir='ltr'><strong>prosequendi</strong></span> <span class='ocrx_word' id='word_1_512' title='bbox 976 3441 1021 3500; x_wconf 91' lang='lat' dir='ltr'><strong>eis</strong></span> <span class='ocrx_word' id='word_1_513' title='bbox 1036 3453 1045 3516; x_wconf 79' lang='lat'>3</span> <span class='ocrx_word' id='word_1_514' title='bbox 1062 3445 1092 3501; x_wconf 87' lang='lat' dir='ltr'><strong>ct</strong></span> <span class='ocrx_word' id='word_1_515' title='bbox 1106 3437 1139 3499; x_wconf 94' lang='lat' dir='ltr'><strong>b.</strong></span> <span class='ocrx_word' id='word_1_516' title='bbox 1156 3436 1322 3515; x_wconf 72' lang='lat' dir='ltr'><strong>Gregorius</strong></span> <span class='ocrx_word' id='word_1_517' title='bbox 1348 3437 1403 3498; x_wconf 93' lang='lat' dir='ltr'><strong>tib.</strong></span> <span class='ocrx_word' id='word_1_518' title='bbox 1420 3437 1450 3499; x_wconf 83' lang='grc'><strong>2.</strong></span> <span class='ocrx_word' id='word_1_519' title='bbox 1469 3436 1583 3518; x_wconf 86' lang='lat' dir='ltr'><strong>dialog.</strong></span> <span class='ocrx_word' id='word_1_520' title='bbox 1597 3453 1625 3499; x_wconf 92' lang='lat' dir='ltr'><strong>o.</strong></span> <span class='ocrx_word' id='word_1_521' title='bbox 1641 3437 1693 3498; x_wconf 76' lang='grc'><strong>21.</strong></span> <span class='ocrx_word' id='word_1_522' title='bbox 1720 3453 1782 3499; x_wconf 90' lang='lat' dir='ltr'><strong>non</strong></span> <span class='ocrx_word' id='word_1_523' title='bbox 1797 3441 1834 3500; x_wconf 91' lang='lat' dir='ltr'><strong>ti·</strong></span> 
     </span>
     <span class='ocr_line' id='line_1_39' title="bbox 68 3518 1830 3598; baseline 0.002 -18"><span class='ocrx_word' id='word_1_524' title='bbox 68 3524 153 3581; x_wconf 90' lang='lat' dir='ltr'><strong>sunt.</strong></span> <span class='ocrx_word' id='word_1_525' title='bbox 975 3523 1051 3583; x_wconf 90' lang='lat' dir='ltr'><strong>mult</strong></span> <span class='ocrx_word' id='word_1_526' title='bbox 1074 3519 1179 3583; x_wconf 88' lang='lat' dir='ltr'><strong>dicere</strong></span> <span class='ocrx_word' id='word_1_527' title='bbox 1195 3518 1226 3580; x_wconf 91' lang='lat' dir='ltr'><strong>b.</strong></span> <span class='ocrx_word' id='word_1_528' title='bbox 1243 3518 1342 3593; x_wconf 87' lang='lat' dir='ltr'><strong>Petro,</strong></span> <span class='ocrx_word' id='word_1_529' title='bbox 1360 3524 1442 3598; x_wconf 87' lang='lat' dir='ltr'><strong>grata</strong></span> <span class='ocrx_word' id='word_1_530' title='bbox 1459 3535 1530 3582; x_wconf 89' lang='lat' dir='ltr'><strong>csse</strong></span> <span class='ocrx_word' id='word_1_531' title='bbox 1555 3520 1752 3594; x_wconf 78' lang='lat' dir='ltr'><strong>servientium</strong></span> <span class='ocrx_word' id='word_1_532' title='bbox 1768 3521 1830 3584; x_wconf 94' lang='lat' dir='ltr'><strong>sibi</strong></span> 
     </span>
    </p>

    <p class='ocr_par' dir='ltr' id='par_1_6' title="bbox 65 3598 1851 4262">
     <span class='ocr_line' id='line_1_40' title="bbox 107 3598 1851 3684; baseline 0.001 -22"><span class='ocrx_word' id='word_1_533' title='bbox 107 3599 258 3680; x_wconf 84' lang='lat' dir='ltr'><strong>benique,</strong></span> <span class='ocrx_word' id='word_1_534' title='bbox 276 3599 359 3664; x_wconf 85' lang='lat' dir='ltr'><strong>[leus</strong></span> <span class='ocrx_word' id='word_1_535' title='bbox 373 3601 491 3664; x_wconf 86' lang='lat' dir='ltr'><strong>senctls</strong></span> <span class='ocrx_word' id='word_1_536' title='bbox 505 3601 655 3663; x_wconf 92' lang='lat' dir='ltr'><strong>bonorem</strong></span> <span class='ocrx_word' id='word_1_537' title='bbox 671 3605 702 3661; x_wconf 91' lang='lat' dir='ltr'><strong>et</strong></span> <span class='ocrx_word' id='word_1_538' title='bbox 716 3598 845 3679; x_wconf 85' lang='lat' dir='ltr'><strong>glorium</strong></span> <span class='ocrx_word' id='word_1_539' title='bbox 858 3613 928 3677; x_wconf 88' lang='lat' dir='ltr'><strong>pro·</strong></span> <span class='ocrx_word' id='word_1_540' title='bbox 975 3604 1137 3684; x_wconf 89' lang='lat' dir='ltr'><strong>obsequia.</strong></span> <span class='ocrx_word' id='word_1_541' title='bbox 1695 3633 1696 3638; x_wconf 65' lang='lat'><strong>,</strong></span> <span class='ocrx_word' id='word_1_542' title='bbox 1848 3626 1851 3637; x_wconf 37' lang='grc' dir='ltr'><em>ν</em></span> 
     </span>
     <span class='ocr_line' id='line_1_41' title="bbox 66 3681 1834 3764; baseline 0.001 -20"><span class='ocrx_word' id='word_1_543' title='bbox 66 3681 161 3759; x_wconf 87' lang='lat' dir='ltr'><strong>misit,</strong></span> <span class='ocrx_word' id='word_1_544' title='bbox 176 3684 205 3745; x_wconf 91' lang='lat' dir='ltr'><strong>l.</strong></span> <span class='ocrx_word' id='word_1_545' title='bbox 222 3683 297 3762; x_wconf 86' lang='lat' dir='ltr'><strong>lleg.</strong></span> <span class='ocrx_word' id='word_1_546' title='bbox 314 3685 346 3747; x_wconf 84' lang='lat'><strong>2.</strong></span> <span class='ocrx_word' id='word_1_547' title='bbox 364 3683 426 3764; x_wconf 78' lang='lat' dir='ltr'><strong>Qui</strong></span> <span class='ocrx_word' id='word_1_548' title='bbox 440 3682 702 3762; x_wconf 70' lang='lat' dir='ltr'><strong>bouomtlcuoeril</strong></span> <span class='ocrx_word' id='word_1_549' title='bbox 726 3697 788 3756; x_wconf 82' lang='lat' dir='ltr'><strong>me,</strong></span> <span class='ocrx_word' id='word_1_550' title='bbox 806 3681 926 3762; x_wconf 74' lang='lat' dir='ltr'><strong>plorili·</strong></span> <span class='ocrx_word' id='word_1_551' title='bbox 1015 3686 1056 3747; x_wconf 87' lang='lat' dir='ltr'><strong>td</strong></span> <span class='ocrx_word' id='word_1_552' title='bbox 1073 3681 1335 3749; x_wconf 78' lang='lat' dir='ltr'><strong>confirmationem</strong></span> <span class='ocrx_word' id='word_1_553' title='bbox 1351 3697 1388 3744; x_wconf 87' lang='lat' dir='ltr'><strong>er</strong></span> <span class='ocrx_word' id='word_1_554' title='bbox 1403 3681 1486 3745; x_wconf 82' lang='lat' dir='ltr'><strong>Valla</strong></span> <span class='ocrx_word' id='word_1_555' title='bbox 1503 3689 1533 3746; x_wconf 89' lang='lat' dir='ltr'><strong>et</strong></span> <span class='ocrx_word' id='word_1_556' title='bbox 1547 3684 1644 3758; x_wconf 79' lang='lat' dir='ltr'><strong>Buca,</strong></span> <span class='ocrx_word' id='word_1_557' title='bbox 1674 3681 1771 3745; x_wconf 88' lang='lat' dir='ltr'><strong>latour</strong></span> <span class='ocrx_word' id='word_1_558' title='bbox 1785 3699 1834 3746; x_wconf 89' lang='lat' dir='ltr'><strong>se·</strong></span> 
     </span>
     <span class='ocr_line' id='line_1_42' title="bbox 68 3764 1828 3850; baseline 0.002 -23"><span class='ocrx_word' id='word_1_559' title='bbox 68 3764 149 3828; x_wconf 87' lang='lat' dir='ltr'><strong>cubo</strong></span> <span class='ocrx_word' id='word_1_560' title='bbox 164 3781 249 3828; x_wconf 87' lang='lat' dir='ltr'><strong>cum.</strong></span> <span class='ocrx_word' id='word_1_561' title='bbox 265 3765 355 3828; x_wconf 89' lang='lat' dir='ltr'><strong>loen.</strong></span> <span class='ocrx_word' id='word_1_562' title='bbox 372 3767 423 3829; x_wconf 89' lang='grc'><strong>12.</strong></span> <span class='ocrx_word' id='word_1_563' title='bbox 441 3766 477 3829; x_wconf 83' lang='lat' dir='ltr'><strong>st</strong></span> <span class='ocrx_word' id='word_1_564' title='bbox 490 3767 563 3850; x_wconf 89' lang='lat' dir='ltr'><strong>quis</strong></span> <span class='ocrx_word' id='word_1_565' title='bbox 577 3766 660 3829; x_wconf 86' lang='lat' dir='ltr'><strong>mibi</strong></span> <span class='ocrx_word' id='word_1_566' title='bbox 672 3765 926 3841; x_wconf 62' lang='lat' dir='ltr'><strong>ministrorum,</strong></span> <span class='ocrx_word' id='word_1_567' title='bbox 974 3768 1108 3832; x_wconf 89' lang='lat' dir='ltr'><strong>candum</strong></span> <span class='ocrx_word' id='word_1_568' title='bbox 1124 3781 1215 3833; x_wconf 89' lang='lat' dir='ltr'><strong>asum</strong></span> <span class='ocrx_word' id='word_1_569' title='bbox 1240 3767 1434 3843; x_wconf 86' lang='lat' dir='ltr'><strong>prutenorum</strong></span> <span class='ocrx_word' id='word_1_570' title='bbox 1461 3767 1644 3846; x_wconf 90' lang='lat' dir='ltr'><strong>scriptorum</strong></span> <span class='ocrx_word' id='word_1_571' title='bbox 1662 3766 1743 3829; x_wconf 89' lang='lat' dir='ltr'><strong>idern</strong></span> <span class='ocrx_word' id='word_1_572' title='bbox 1759 3781 1828 3830; x_wconf 83' lang='lat' dir='ltr'><strong>esse</strong></span> 
     </span>
     <span class='ocr_line' id='line_1_43' title="bbox 65 3847 1835 3929; baseline 0.001 -19"><span class='ocrx_word' id='word_1_573' title='bbox 65 3847 293 3927; x_wconf 74' lang='lat' dir='ltr'><strong>honorificabit</strong></span> <span class='ocrx_word' id='word_1_574' title='bbox 306 3865 380 3912; x_wconf 83' lang='lat' dir='ltr'><strong>cunr</strong></span> <span class='ocrx_word' id='word_1_575' title='bbox 395 3848 492 3914; x_wconf 86' lang='lat' dir='ltr'><strong>Pater</strong></span> <span class='ocrx_word' id='word_1_576' title='bbox 502 3865 604 3912; x_wconf 77' lang='lat' dir='ltr'><strong>mero.</strong></span> <span class='ocrx_word' id='word_1_577' title='bbox 618 3847 753 3911; x_wconf 84' lang='lat' dir='ltr'><strong>llillom.</strong></span> <span class='ocrx_word' id='word_1_578' title='bbox 768 3847 800 3910; x_wconf 79' lang='lat'><strong>2.</strong></span> <span class='ocrx_word' id='word_1_579' title='bbox 818 3848 928 3912; x_wconf 72' lang='lat' dir='ltr'><strong>diocia</strong></span> <span class='ocrx_word' id='word_1_580' title='bbox 973 3851 1087 3914; x_wconf 90' lang='lat' dir='ltr'><strong>duliam</strong></span> <span class='ocrx_word' id='word_1_581' title='bbox 1099 3859 1130 3914; x_wconf 90' lang='lat' dir='ltr'><strong>et</strong></span> <span class='ocrx_word' id='word_1_582' title='bbox 1144 3848 1273 3918; x_wconf 84' lang='lat' dir='ltr'><strong>latriam.</strong></span> <span class='ocrx_word' id='word_1_583' title='bbox 1291 3853 1390 3910; x_wconf 80' lang='lat' dir='ltr'><strong>nmen</strong></span> <span class='ocrx_word' id='word_1_584' title='bbox 1407 3849 1578 3912; x_wconf 82' lang='lat' dir='ltr'><strong>secundum</strong></span> <span class='ocrx_word' id='word_1_585' title='bbox 1594 3865 1683 3912; x_wconf 92' lang='lat' dir='ltr'><strong>usum</strong></span> <span class='ocrx_word' id='word_1_586' title='bbox 1696 3849 1835 3929; x_wconf 70' lang='lat' dir='ltr'><strong>Scriptass</strong></span> 
     </span>
     <span class='ocr_line' id='line_1_44' title="bbox 67 3929 1832 4013; baseline 0.001 -20"><span class='ocrx_word' id='word_1_587' title='bbox 67 3935 98 3994; x_wconf 90' lang='lat' dir='ltr'><strong>el</strong></span> <span class='ocrx_word' id='word_1_588' title='bbox 112 3931 217 3994; x_wconf 83' lang='lat' dir='ltr'><strong>bonor</strong></span> <span class='ocrx_word' id='word_1_589' title='bbox 227 3932 318 3995; x_wconf 84' lang='lat' dir='ltr'><strong>omni</strong></span> <span class='ocrx_word' id='word_1_590' title='bbox 332 3933 486 4012; x_wconf 86' lang='lat' dir='ltr'><strong>operculi</strong></span> <span class='ocrx_word' id='word_1_591' title='bbox 499 3931 635 3996; x_wconf 78' lang='lat' dir='ltr'><strong>bertuna:</strong></span> <span class='ocrx_word' id='word_1_592' title='bbox 648 3945 722 4010; x_wconf 83' lang='lat' dir='ltr'><strong>ergo</strong></span> <span class='ocrx_word' id='word_1_593' title='bbox 737 3930 867 3994; x_wconf 88' lang='lat' dir='ltr'><strong>debetur</strong></span> <span class='ocrx_word' id='word_1_594' title='bbox 881 3934 928 3994; x_wconf 82' lang='lat' dir='ltr'><strong>eis</strong></span> <span class='ocrx_word' id='word_1_595' title='bbox 977 3951 1042 4003; x_wconf 82' lang='lat' dir='ltr'><strong>ree.</strong></span> <span class='ocrx_word' id='word_1_596' title='bbox 1059 3933 1145 3996; x_wconf 91' lang='lat' dir='ltr'><strong>latria</strong></span> <span class='ocrx_word' id='word_1_597' title='bbox 1161 3929 1226 3994; x_wconf 89' lang='lat' dir='ltr'><strong>lere</strong></span> <span class='ocrx_word' id='word_1_598' title='bbox 1242 3947 1408 4010; x_wconf 78' lang='lat' dir='ltr'><strong>numquam</strong></span> <span class='ocrx_word' id='word_1_599' title='bbox 1430 3932 1579 4010; x_wconf 86' lang='lat' dir='ltr'><strong>accipitur</strong></span> <span class='ocrx_word' id='word_1_600' title='bbox 1592 3947 1650 4012; x_wconf 91' lang='lat' dir='ltr'><strong>pru</strong></span> <span class='ocrx_word' id='word_1_601' title='bbox 1664 3933 1760 4005; x_wconf 90' lang='lat' dir='ltr'><strong>cultu,</strong></span> <span class='ocrx_word' id='word_1_602' title='bbox 1778 3943 1832 4013; x_wconf 89' lang='lat' dir='ltr'><strong>qut</strong></span> 
     </span>
     <span class='ocr_line' id='line_1_45' title="bbox 67 4011 1831 4094; baseline 0.002 -20"><span class='ocrx_word' id='word_1_603' title='bbox 67 4015 168 4076; x_wconf 89' lang='lat' dir='ltr'><strong>bonor</strong></span> <span class='ocrx_word' id='word_1_604' title='bbox 182 4031 190 4089; x_wconf 90' lang='lat'>;</span> <span class='ocrx_word' id='word_1_605' title='bbox 206 4020 236 4076; x_wconf 88' lang='lat' dir='ltr'><strong>et</strong></span> <span class='ocrx_word' id='word_1_606' title='bbox 251 4022 334 4076; x_wconf 90' lang='lat' dir='ltr'><strong>certe</strong></span> <span class='ocrx_word' id='word_1_607' title='bbox 351 4031 411 4078; x_wconf 93' lang='lat' dir='ltr'><strong>non</strong></span> <span class='ocrx_word' id='word_1_608' title='bbox 428 4015 466 4079; x_wconf 92' lang='lat' dir='ltr'><strong>ab</strong></span> <span class='ocrx_word' id='word_1_609' title='bbox 484 4011 576 4088; x_wconf 86' lang='lat' dir='ltr'><strong>ollis,</strong></span> <span class='ocrx_word' id='word_1_610' title='bbox 606 4029 698 4094; x_wconf 92' lang='lat' dir='ltr'><strong>qnam</strong></span> <span class='ocrx_word' id='word_1_611' title='bbox 713 4029 729 4074; x_wconf 93' lang='lat' dir='ltr'><strong>a</strong></span> <span class='ocrx_word' id='word_1_612' title='bbox 745 4013 837 4076; x_wconf 92' lang='lat' dir='ltr'><strong>uobis</strong></span> <span class='ocrx_word' id='word_1_613' title='bbox 851 4060 859 4086; x_wconf 91' lang='lat'><strong>,</strong></span> <span class='ocrx_word' id='word_1_614' title='bbox 875 4011 933 4091; x_wconf 90' lang='lat' dir='ltr'><strong>qul</strong></span> <span class='ocrx_word' id='word_1_615' title='bbox 975 4015 1137 4080; x_wconf 77' lang='lat' dir='ltr'><strong>exhibetur</strong></span> <span class='ocrx_word' id='word_1_616' title='bbox 1162 4020 1339 4076; x_wconf 81' lang='lat' dir='ltr'><strong>creaturae:</strong></span> <span class='ocrx_word' id='word_1_617' title='bbox 1366 4016 1537 4077; x_wconf 90' lang='lat' dir='ltr'><strong>secundnm</strong></span> <span class='ocrx_word' id='word_1_618' title='bbox 1554 4031 1643 4078; x_wconf 92' lang='lat' dir='ltr'><strong>usum</strong></span> <span class='ocrx_word' id='word_1_619' title='bbox 1658 4021 1758 4077; x_wconf 87' lang='lat' dir='ltr'><strong>autem</strong></span> <span class='ocrx_word' id='word_1_620' title='bbox 1774 4013 1831 4077; x_wconf 84' lang='lat' dir='ltr'><strong>lic·</strong></span> 
     </span>
     <span class='ocr_line' id='line_1_46' title="bbox 67 4095 1831 4177; baseline 0.002 -20"><span class='ocrx_word' id='word_1_621' title='bbox 67 4095 130 4158; x_wconf 91' lang='lat' dir='ltr'><strong>illis</strong></span> <span class='ocrx_word' id='word_1_622' title='bbox 145 4095 306 4159; x_wconf 82' lang='lat' dir='ltr'><strong>inferiores</strong></span> <span class='ocrx_word' id='word_1_623' title='bbox 335 4113 455 4161; x_wconf 90' lang='lat' dir='ltr'><strong>sumus.</strong></span> <span class='ocrx_word' id='word_1_624' title='bbox 473 4097 537 4160; x_wconf 91' lang='lat' dir='ltr'><strong>llon</strong></span> <span class='ocrx_word' id='word_1_625' title='bbox 554 4097 699 4160; x_wconf 87' lang='lat' dir='ltr'><strong>conrcuit</strong></span> <span class='ocrx_word' id='word_1_626' title='bbox 725 4098 825 4159; x_wconf 82' lang='lat' dir='ltr'><strong>autc‘m</strong></span> <span class='ocrx_word' id='word_1_627' title='bbox 848 4111 928 4160; x_wconf 55' lang='lat' dir='ltr'><strong>more</strong></span> <span class='ocrx_word' id='word_1_628' title='bbox 974 4101 1100 4168; x_wconf 84' lang='lat' dir='ltr'><strong>clesine,</strong></span> <span class='ocrx_word' id='word_1_629' title='bbox 1117 4107 1282 4174; x_wconf 89' lang='lat' dir='ltr'><strong>numquam</strong></span> <span class='ocrx_word' id='word_1_630' title='bbox 1300 4099 1439 4158; x_wconf 88' lang='lat' dir='ltr'><strong>omnino.</strong></span> <span class='ocrx_word' id='word_1_631' title='bbox 1453 4097 1673 4160; x_wconf 86' lang='lat' dir='ltr'><strong>litsicutticnlt</strong></span> <span class='ocrx_word' id='word_1_632' title='bbox 1687 4099 1831 4177; x_wconf 87' lang='lat' dir='ltr'><strong>autiquae</strong></span> 
     </span>
     <span class='ocr_line' id='line_1_47' title="bbox 69 4177 1831 4262; baseline 0.001 -21"><span class='ocrx_word' id='word_1_633' title='bbox 69 4178 131 4242; x_wconf 90' lang='lat' dir='ltr'><strong>tuis</strong></span> <span class='ocrx_word' id='word_1_634' title='bbox 149 4178 250 4242; x_wconf 92' lang='lat' dir='ltr'><strong>bonor</strong></span> <span class='ocrx_word' id='word_1_635' title='bbox 264 4178 374 4258; x_wconf 86' lang='lat' dir='ltr'><strong>uirilis,</strong></span> <span class='ocrx_word' id='word_1_636' title='bbox 392 4196 465 4262; x_wconf 89' lang='lat' dir='ltr'><strong>ergo</strong></span> <span class='ocrx_word' id='word_1_637' title='bbox 479 4179 646 4261; x_wconf 87' lang='lat' dir='ltr'><strong>religiosus</strong></span> <span class='ocrx_word' id='word_1_638' title='bbox 661 4177 724 4242; x_wconf 90' lang='lat' dir='ltr'><strong>illis</strong></span> <span class='ocrx_word' id='word_1_639' title='bbox 738 4178 879 4242; x_wconf 90' lang='lat' dir='ltr'><strong>debetur.</strong></span> <span class='ocrx_word' id='word_1_640' title='bbox 973 4181 1132 4244; x_wconf 75' lang='lat' dir='ltr'><strong>Ecclesiae</strong></span> <span class='ocrx_word' id='word_1_641' title='bbox 1147 4184 1251 4244; x_wconf 89' lang='lat' dir='ltr'><strong>contra</strong></span> <span class='ocrx_word' id='word_1_642' title='bbox 1267 4184 1387 4241; x_wconf 87' lang='lat' dir='ltr'><strong>rctcres</strong></span> <span class='ocrx_word' id='word_1_643' title='bbox 1403 4179 1576 4242; x_wconf 76' lang='lat' dir='ltr'><strong>baereticae</strong></span> <span class='ocrx_word' id='word_1_644' title='bbox 1591 4194 1666 4241; x_wconf 89' lang='lat' dir='ltr'><strong>nuru</strong></span> <span class='ocrx_word' id='word_1_645' title='bbox 1683 4181 1831 4242; x_wconf 75' lang='lat' dir='ltr'><strong>uocabula</strong></span> 
     </span>
    </p>

    <p class='ocr_par' dir='ltr' id='par_1_7' title="bbox 59 4256 1874 5421">
     <span class='ocr_line' id='line_1_48' title="bbox 972 4256 1832 4360; baseline -0.002 -34"><span class='ocrx_word' id='word_1_646' title='bbox 972 4265 1121 4339; x_wconf 80' lang='lat' dir='ltr'><strong>iuvenire,</strong></span> <span class='ocrx_word' id='word_1_647' title='bbox 1139 4271 1171 4326; x_wconf 91' lang='lat' dir='ltr'><strong>ut</strong></span> <span class='ocrx_word' id='word_1_648' title='bbox 1185 4257 1327 4348; x_wconf 67' lang='lat' dir='ltr'><strong>opetum</strong></span> <span class='ocrx_word' id='word_1_649' title='bbox 1340 4268 1404 4324; x_wconf 87' lang='lat' dir='ltr'><strong>etc.</strong></span> <span class='ocrx_word' id='word_1_650' title='bbox 1420 4279 1475 4324; x_wconf 88' lang='lat' dir='ltr'><strong>cnr</strong></span> <span class='ocrx_word' id='word_1_651' title='bbox 1490 4271 1552 4357; x_wconf 80' lang='lat' dir='ltr'><strong>nun</strong></span> <span class='ocrx_word' id='word_1_652' title='bbox 1568 4256 1655 4324; x_wconf 88' lang='lat' dir='ltr'><strong>licuit</strong></span> <span class='ocrx_word' id='word_1_653' title='bbox 1666 4262 1758 4360; x_wconf 77' lang='lat' dir='ltr'><strong>etlam</strong></span> <span class='ocrx_word' id='word_1_654' title='bbox 1775 4263 1832 4324; x_wconf 60' lang='lat' dir='ltr'><strong>lica</strong></span> 
     </span>
     <span class='ocr_line' id='line_1_49' title="bbox 386 4346 1830 4508; baseline -0.001 -17"><span class='ocrx_word' id='word_1_655' title='bbox 386 4391 505 4462; x_wconf 77' lang='lat' dir='ltr'><strong>cau</strong></span> <span class='ocrx_word' id='word_1_656' title='bbox 526 4389 605 4462; x_wconf 77' lang='lat' dir='ltr'><strong>xu-</strong></span> <span class='ocrx_word' id='word_1_657' title='bbox 971 4346 1830 4508; x_wconf 71' lang='grc'><strong>111111111111111111111111111</strong></span> 
     </span>
     <span class='ocr_line' id='line_1_50' title="bbox 968 4507 1326 4593; baseline -0.008 -18"><span class='ocrx_word' id='word_1_658' title='bbox 968 4507 1008 4575; x_wconf 87' lang='grc'><strong>111</strong></span> <span class='ocrx_word' id='word_1_659' title='bbox 1021 4513 1245 4593; x_wconf 82' lang='lat' dir='ltr'><strong>significatione</strong></span> <span class='ocrx_word' id='word_1_660' title='bbox 1262 4509 1326 4575; x_wconf 88' lang='lat' dir='ltr'><strong>ulll</strong></span> 
     </span>
     <span class='ocr_line' id='line_1_51' title="bbox 146 4580 1829 4680; baseline -0.001 -23"><span class='ocrx_word' id='word_1_661' title='bbox 146 4581 641 4669; x_wconf 80' lang='lat' dir='ltr'><strong>Soluoctnrcmcmicutclnitio</strong></span> <span class='ocrx_word' id='word_1_662' title='bbox 653 4580 833 4667; x_wconf 77' lang='lat' dir='ltr'><strong>prcportcu.</strong></span> <span class='ocrx_word' id='word_1_663' title='bbox 1010 4597 1053 4657; x_wconf 87' lang='grc'><strong>11</strong></span> <span class='ocrx_word' id='word_1_664' title='bbox 1069 4597 1144 4659; x_wconf 84' lang='lat' dir='ltr'><strong>titud</strong></span> <span class='ocrx_word' id='word_1_665' title='bbox 1160 4593 1319 4680; x_wconf 73' lang='lat' dir='ltr'><strong>Augustini</strong></span> <span class='ocrx_word' id='word_1_666' title='bbox 1345 4591 1384 4654; x_wconf 86' lang='lat' dir='ltr'><strong>de</strong></span> <span class='ocrx_word' id='word_1_667' title='bbox 1410 4591 1493 4654; x_wconf 85' lang='lat' dir='ltr'><strong>duria</strong></span> <span class='ocrx_word' id='word_1_668' title='bbox 1520 4591 1651 4654; x_wconf 82' lang='lat' dir='ltr'><strong>etiarm</strong></span> <span class='ocrx_word' id='word_1_669' title='bbox 1679 4600 1829 4673; x_wconf 79' lang='lat' dir='ltr'><strong>respectu</strong></span> 
     </span>
     <span class='ocr_line' id='line_1_52' title="bbox 687 4674 1827 4759; baseline -0.004 -16"><span class='ocrx_word' id='word_1_670' title='bbox 687 4730 689 4736; x_wconf 95' lang='lat'><strong>.</strong></span> <span class='ocrx_word' id='word_1_671' title='bbox 762 4703 766 4712; x_wconf 65' lang='lat'>=</span> <span class='ocrx_word' id='word_1_672' title='bbox 968 4674 1827 4759; x_wconf 71' lang='lat' dir='ltr'><strong>lici,respondeocllumlocumessepronubisqnam</strong></span> 
     </span>
     <span class='ocr_line' id='line_1_53' title="bbox 101 4755 1828 4844; baseline 0.001 -25"><span class='ocrx_word' id='word_1_673' title='bbox 101 4755 189 4822; x_wconf 88' lang='lat' dir='ltr'><strong>llunc</strong></span> <span class='ocrx_word' id='word_1_674' title='bbox 204 4761 446 4826; x_wconf 79' lang='lat' dir='ltr'><strong>aduersariorum</strong></span> <span class='ocrx_word' id='word_1_675' title='bbox 472 4765 649 4839; x_wconf 84' lang='lat' dir='ltr'><strong>argumente</strong></span> <span class='ocrx_word' id='word_1_676' title='bbox 664 4757 923 4824; x_wconf 88' lang='lat' dir='ltr'><strong>broriterdlssol·</strong></span> <span class='ocrx_word' id='word_1_677' title='bbox 970 4777 1006 4823; x_wconf 84' lang='lat' dir='ltr'><strong>ex</strong></span> <span class='ocrx_word' id='word_1_678' title='bbox 1022 4777 1071 4836; x_wconf 89' lang='lat' dir='ltr'><strong>eu,</strong></span> <span class='ocrx_word' id='word_1_679' title='bbox 1088 4762 1170 4841; x_wconf 92' lang='lat' dir='ltr'><strong>quud</strong></span> <span class='ocrx_word' id='word_1_680' title='bbox 1194 4763 1381 4844; x_wconf 80' lang='lat' dir='ltr'><strong>Augustinus</strong></span> <span class='ocrx_word' id='word_1_681' title='bbox 1396 4759 1450 4826; x_wconf 84' lang='lat' dir='ltr'><strong>ult,</strong></span> <span class='ocrx_word' id='word_1_682' title='bbox 1473 4759 1589 4822; x_wconf 82' lang='lat' dir='ltr'><strong>letalem</strong></span> <span class='ocrx_word' id='word_1_683' title='bbox 1613 4756 1678 4819; x_wconf 89' lang='lat' dir='ltr'><strong>deri</strong></span> <span class='ocrx_word' id='word_1_684' title='bbox 1700 4757 1776 4833; x_wconf 80' lang='lat' dir='ltr'><strong>ben,</strong></span> <span class='ocrx_word' id='word_1_685' title='bbox 1794 4765 1828 4821; x_wconf 90' lang='lat' dir='ltr'><strong>ut</strong></span> 
     </span>
     <span class='ocr_line' id='line_1_54' title="bbox 62 4840 1827 4924; baseline 0 -22"><span class='ocrx_word' id='word_1_686' title='bbox 62 4854 179 4904; x_wconf 89' lang='lat' dir='ltr'><strong>ramus.</strong></span> <span class='ocrx_word' id='word_1_687' title='bbox 196 4843 239 4908; x_wconf 81' lang='lat' dir='ltr'><strong>td</strong></span> <span class='ocrx_word' id='word_1_688' title='bbox 257 4845 399 4924; x_wconf 90' lang='lat' dir='ltr'><strong>primum.</strong></span> <span class='ocrx_word' id='word_1_689' title='bbox 415 4845 445 4906; x_wconf 85' lang='lat' dir='ltr'><strong>Si</strong></span> <span class='ocrx_word' id='word_1_690' title='bbox 462 4843 604 4908; x_wconf 82' lang='lat' dir='ltr'><strong>Caluinus</strong></span> <span class='ocrx_word' id='word_1_691' title='bbox 631 4857 686 4921; x_wconf 89' lang='lat' dir='ltr'><strong>por</strong></span> <span class='ocrx_word' id='word_1_692' title='bbox 706 4844 822 4906; x_wconf 86' lang='lat' dir='ltr'><strong>cultum</strong></span> <span class='ocrx_word' id='word_1_693' title='bbox 847 4844 937 4906; x_wconf 61' lang='lat' dir='ltr'><strong>rell-2</strong></span> <span class='ocrx_word' id='word_1_694' title='bbox 968 4845 1051 4907; x_wconf 80' lang='lat' dir='ltr'><strong>Dens</strong></span> <span class='ocrx_word' id='word_1_695' title='bbox 1066 4851 1125 4914; x_wconf 84' lang='lat' dir='ltr'><strong>cst.</strong></span> <span class='ocrx_word' id='word_1_696' title='bbox 1141 4845 1254 4908; x_wconf 88' lang='lat' dir='ltr'><strong>duliam</strong></span> <span class='ocrx_word' id='word_1_697' title='bbox 1271 4842 1383 4912; x_wconf 87' lang='lat' dir='ltr'><strong>eidem,</strong></span> <span class='ocrx_word' id='word_1_698' title='bbox 1399 4846 1433 4902; x_wconf 95' lang='lat' dir='ltr'><strong>ut</strong></span> <span class='ocrx_word' id='word_1_699' title='bbox 1449 4840 1595 4902; x_wconf 88' lang='lat' dir='ltr'><strong>llominus</strong></span> <span class='ocrx_word' id='word_1_700' title='bbox 1610 4845 1678 4902; x_wconf 86' lang='lat' dir='ltr'><strong>est:</strong></span> <span class='ocrx_word' id='word_1_701' title='bbox 1705 4841 1827 4920; x_wconf 90' lang='lat' dir='ltr'><strong>colligi·</strong></span> 
     </span>
     <span class='ocr_line' id='line_1_55' title="bbox 60 4923 1825 5010; baseline 0 -25"><span class='ocrx_word' id='word_1_702' title='bbox 60 4923 162 5004; x_wconf 86' lang='lat' dir='ltr'><strong>gionls</strong></span> <span class='ocrx_word' id='word_1_703' title='bbox 178 4923 321 5010; x_wconf 89' lang='lat' dir='ltr'><strong>intelligit</strong></span> <span class='ocrx_word' id='word_1_704' title='bbox 336 4927 450 4990; x_wconf 90' lang='lat' dir='ltr'><strong>cultum</strong></span> <span class='ocrx_word' id='word_1_705' title='bbox 480 4927 606 4998; x_wconf 78' lang='lat' dir='ltr'><strong>latriae,</strong></span> <span class='ocrx_word' id='word_1_706' title='bbox 637 4923 766 4988; x_wconf 91' lang='lat' dir='ltr'><strong>latemur</strong></span> <span class='ocrx_word' id='word_1_707' title='bbox 794 4932 917 4988; x_wconf 85' lang='lat' dir='ltr'><strong>sanctos</strong></span> <span class='ocrx_word' id='word_1_708' title='bbox 964 4933 1013 4989; x_wconf 93' lang='lat' dir='ltr'><strong>tur</strong></span> <span class='ocrx_word' id='word_1_709' title='bbox 1025 4927 1141 4989; x_wconf 90' lang='lat' dir='ltr'><strong>latriam</strong></span> <span class='ocrx_word' id='word_1_710' title='bbox 1155 4943 1215 4991; x_wconf 92' lang='lat' dir='ltr'><strong>nun</strong></span> <span class='ocrx_word' id='word_1_711' title='bbox 1229 4939 1321 5008; x_wconf 75' lang='lat' dir='ltr'><strong>pesse</strong></span> <span class='ocrx_word' id='word_1_712' title='bbox 1334 4925 1553 4985; x_wconf 88' lang='lat' dir='ltr'><strong>communicari</strong></span> <span class='ocrx_word' id='word_1_713' title='bbox 1566 4929 1737 4985; x_wconf 87' lang='lat' dir='ltr'><strong>creaturae.</strong></span> <span class='ocrx_word' id='word_1_714' title='bbox 1751 4923 1825 5001; x_wconf 91' lang='lat' dir='ltr'><strong>quia</strong></span> 
     </span>
     <span class='ocr_line' id='line_1_56' title="bbox 59 5006 1874 5088; baseline -0.001 -22"><span class='ocrx_word' id='word_1_715' title='bbox 59 5021 120 5068; x_wconf 91' lang='lat' dir='ltr'><strong>aon</strong></span> <span class='ocrx_word' id='word_1_716' title='bbox 148 5007 264 5074; x_wconf 88' lang='lat' dir='ltr'><strong>dobere</strong></span> <span class='ocrx_word' id='word_1_717' title='bbox 279 5011 338 5074; x_wconf 90' lang='lat' dir='ltr'><strong>ooli</strong></span> <span class='ocrx_word' id='word_1_718' title='bbox 355 5012 438 5072; x_wconf 90' lang='lat' dir='ltr'><strong>cuttu</strong></span> <span class='ocrx_word' id='word_1_719' title='bbox 461 5008 638 5088; x_wconf 85' lang='lat' dir='ltr'><strong>religionis.</strong></span> <span class='ocrx_word' id='word_1_720' title='bbox 665 5007 727 5070; x_wconf 82' lang='lat' dir='ltr'><strong>Sed</strong></span> <span class='ocrx_word' id='word_1_721' title='bbox 753 5022 913 5085; x_wconf 87' lang='lat' dir='ltr'><strong>negamus,</strong></span> <span class='ocrx_word' id='word_1_722' title='bbox 962 5025 1043 5071; x_wconf 86' lang='lat' dir='ltr'><strong>unus</strong></span> <span class='ocrx_word' id='word_1_723' title='bbox 1071 5013 1185 5072; x_wconf 88' lang='lat' dir='ltr'><strong>tantum</strong></span> <span class='ocrx_word' id='word_1_724' title='bbox 1215 5017 1263 5074; x_wconf 91' lang='lat' dir='ltr'><strong>est</strong></span> <span class='ocrx_word' id='word_1_725' title='bbox 1277 5009 1378 5071; x_wconf 86' lang='lat' dir='ltr'><strong>Deus:</strong></span> <span class='ocrx_word' id='word_1_726' title='bbox 1395 5006 1551 5067; x_wconf 88' lang='lat' dir='ltr'><strong>ctdnliem</strong></span> <span class='ocrx_word' id='word_1_727' title='bbox 1568 5017 1661 5084; x_wconf 87' lang='lat' dir='ltr'><strong>posse</strong></span> <span class='ocrx_word' id='word_1_728' title='bbox 1682 5019 1822 5066; x_wconf 90' lang='lat' dir='ltr'><strong>commu·</strong></span> <span class='ocrx_word' id='word_1_729' title='bbox 1872 5027 1874 5034; x_wconf 53' lang='lat'><strong>⁴</strong></span> 
     </span>
     <span class='ocr_line' id='line_1_57' title="bbox 59 5087 1817 5172; baseline 0.001 -23"><span class='ocrx_word' id='word_1_730' title='bbox 59 5094 182 5166; x_wconf 89' lang='lat' dir='ltr'><strong>praeter</strong></span> <span class='ocrx_word' id='word_1_731' title='bbox 196 5095 311 5156; x_wconf 88' lang='lat' dir='ltr'><strong>cultum</strong></span> <span class='ocrx_word' id='word_1_732' title='bbox 326 5093 431 5156; x_wconf 84' lang='lat' dir='ltr'><strong>latriae</strong></span> <span class='ocrx_word' id='word_1_733' title='bbox 448 5091 565 5155; x_wconf 90' lang='lat' dir='ltr'><strong>nullum</strong></span> <span class='ocrx_word' id='word_1_734' title='bbox 581 5105 652 5154; x_wconf 87' lang='lat' dir='ltr'><strong>esse</strong></span> <span class='ocrx_word' id='word_1_735' title='bbox 667 5090 761 5152; x_wconf 86' lang='lat' dir='ltr'><strong>allum</strong></span> <span class='ocrx_word' id='word_1_736' title='bbox 776 5091 914 5153; x_wconf 91' lang='lat' dir='ltr'><strong>cultum.</strong></span> <span class='ocrx_word' id='word_1_737' title='bbox 962 5091 1058 5154; x_wconf 85' lang='lat' dir='ltr'><strong>niceri</strong></span> <span class='ocrx_word' id='word_1_738' title='bbox 1073 5138 1081 5163; x_wconf 89' lang='lat'><strong>,</strong></span> <span class='ocrx_word' id='word_1_739' title='bbox 1108 5093 1177 5172; x_wconf 90' lang='lat' dir='ltr'><strong>qula</strong></span> <span class='ocrx_word' id='word_1_740' title='bbox 1205 5091 1289 5155; x_wconf 92' lang='lat' dir='ltr'><strong>multi</strong></span> <span class='ocrx_word' id='word_1_741' title='bbox 1316 5093 1389 5152; x_wconf 92' lang='lat' dir='ltr'><strong>sunt</strong></span> <span class='ocrx_word' id='word_1_742' title='bbox 1403 5101 1473 5150; x_wconf 86' lang='lat' dir='ltr'><strong>rere</strong></span> <span class='ocrx_word' id='word_1_743' title='bbox 1486 5093 1516 5150; x_wconf 90' lang='lat' dir='ltr'><strong>et</strong></span> <span class='ocrx_word' id='word_1_744' title='bbox 1530 5087 1655 5168; x_wconf 90' lang='lat' dir='ltr'><strong>proprie</strong></span> <span class='ocrx_word' id='word_1_745' title='bbox 1684 5087 1817 5150; x_wconf 90' lang='lat' dir='ltr'><strong>llomini.</strong></span> 
     </span>
     <span class='ocr_line' id='line_1_58' title="bbox 59 5171 1823 5257; baseline 0.001 -25"><span class='ocrx_word' id='word_1_746' title='bbox 59 5171 118 5233; x_wconf 92' lang='lat' dir='ltr'><strong>uisi</strong></span> <span class='ocrx_word' id='word_1_747' title='bbox 136 5171 269 5251; x_wconf 86' lang='lat' dir='ltr'><strong>clrilem,</strong></span> <span class='ocrx_word' id='word_1_748' title='bbox 285 5176 348 5257; x_wconf 87' lang='lat' dir='ltr'><strong>jam</strong></span> <span class='ocrx_word' id='word_1_749' title='bbox 365 5178 446 5238; x_wconf 90' lang='lat' dir='ltr'><strong>onim</strong></span> <span class='ocrx_word' id='word_1_750' title='bbox 469 5173 661 5238; x_wconf 89' lang='lat' dir='ltr'><strong>ostendimus</strong></span> <span class='ocrx_word' id='word_1_751' title='bbox 688 5174 841 5254; x_wconf 86' lang='lat' dir='ltr'><strong>quendem</strong></span> <span class='ocrx_word' id='word_1_752' title='bbox 857 5181 916 5235; x_wconf 59' lang='lat' dir='ltr'><strong>tera</strong></span> <span class='ocrx_word' id='word_1_753' title='bbox 962 5173 1150 5255; x_wconf 80' lang='lat' dir='ltr'><strong>Quemquam</strong></span> <span class='ocrx_word' id='word_1_754' title='bbox 1176 5175 1299 5239; x_wconf 86' lang='lat' dir='ltr'><strong>interim</strong></span> <span class='ocrx_word' id='word_1_755' title='bbox 1321 5172 1460 5241; x_wconf 90' lang='lat' dir='ltr'><strong>latemur,</strong></span> <span class='ocrx_word' id='word_1_756' title='bbox 1477 5171 1603 5252; x_wconf 88' lang='lat' dir='ltr'><strong>duliam,</strong></span> <span class='ocrx_word' id='word_1_757' title='bbox 1629 5185 1688 5249; x_wconf 89' lang='lat' dir='ltr'><strong>qua</strong></span> <span class='ocrx_word' id='word_1_758' title='bbox 1713 5171 1823 5234; x_wconf 88' lang='lat' dir='ltr'><strong>colitur</strong></span> 
     </span>
     <span class='ocr_line' id='line_1_59' title="bbox 59 5253 1820 5338; baseline 0.001 -25"><span class='ocrx_word' id='word_1_759' title='bbox 59 5253 134 5314; x_wconf 92' lang='lat' dir='ltr'><strong>tium</strong></span> <span class='ocrx_word' id='word_1_760' title='bbox 147 5259 275 5334; x_wconf 92' lang='lat' dir='ltr'><strong>cultum,</strong></span> <span class='ocrx_word' id='word_1_761' title='bbox 292 5260 344 5338; x_wconf 92' lang='lat' dir='ltr'><strong>qni</strong></span> <span class='ocrx_word' id='word_1_762' title='bbox 360 5259 450 5322; x_wconf 89' lang='lat' dir='ltr'><strong>etium</strong></span> <span class='ocrx_word' id='word_1_763' title='bbox 468 5257 579 5322; x_wconf 90' lang='lat' dir='ltr'><strong>dieitur</strong></span> <span class='ocrx_word' id='word_1_764' title='bbox 592 5255 763 5337; x_wconf 89' lang='lat' dir='ltr'><strong>religionis,</strong></span> <span class='ocrx_word' id='word_1_765' title='bbox 780 5255 854 5319; x_wconf 87' lang='lat' dir='ltr'><strong>licet</strong></span> <span class='ocrx_word' id='word_1_766' title='bbox 868 5273 917 5319; x_wconf 90' lang='lat' dir='ltr'><strong>so·</strong></span> <span class='ocrx_word' id='word_1_767' title='bbox 963 5255 1057 5330; x_wconf 85' lang='lat' dir='ltr'><strong>licus,</strong></span> <span class='ocrx_word' id='word_1_768' title='bbox 1076 5273 1146 5320; x_wconf 86' lang='lat' dir='ltr'><strong>csse</strong></span> <span class='ocrx_word' id='word_1_769' title='bbox 1163 5258 1278 5321; x_wconf 86' lang='lat' dir='ltr'><strong>notiam</strong></span> <span class='ocrx_word' id='word_1_770' title='bbox 1294 5254 1591 5336; x_wconf 84' lang='lat' dir='ltr'><strong>perexcellentium,</strong></span> <span class='ocrx_word' id='word_1_771' title='bbox 1608 5259 1638 5315; x_wconf 94' lang='lat' dir='ltr'><strong>et</strong></span> <span class='ocrx_word' id='word_1_772' title='bbox 1653 5255 1760 5331; x_wconf 88' lang='lat' dir='ltr'><strong>specie</strong></span> <span class='ocrx_word' id='word_1_773' title='bbox 1775 5253 1820 5314; x_wconf 86' lang='lat' dir='ltr'><strong>di·</strong></span> 
     </span>
     <span class='ocr_line' id='line_1_60' title="bbox 63 5337 1558 5421; baseline -0.001 -24"><span class='ocrx_word' id='word_1_774' title='bbox 63 5337 221 5403; x_wconf 86' lang='lat' dir='ltr'><strong>cunderiu.</strong></span> <span class='ocrx_word' id='word_1_775' title='bbox 404 5351 409 5362; x_wconf 86' lang='lat'><strong>·</strong></span> <span class='ocrx_word' id='word_1_776' title='bbox 962 5340 1076 5420; x_wconf 80' lang='lat' dir='ltr'><strong>stingui</strong></span> <span class='ocrx_word' id='word_1_777' title='bbox 1093 5341 1130 5402; x_wconf 83' lang='lat' dir='ltr'><strong>ab</strong></span> <span class='ocrx_word' id='word_1_778' title='bbox 1143 5355 1190 5414; x_wconf 90' lang='lat' dir='ltr'><strong>ea,</strong></span> <span class='ocrx_word' id='word_1_779' title='bbox 1208 5357 1267 5421; x_wconf 88' lang='lat' dir='ltr'><strong>qua</strong></span> <span class='ocrx_word' id='word_1_780' title='bbox 1284 5338 1427 5400; x_wconf 82' lang='lat' dir='ltr'><strong>&#39;coluntur</strong></span> <span class='ocrx_word' id='word_1_781' title='bbox 1449 5338 1558 5398; x_wconf 90' lang='lat' dir='ltr'><strong>sancti.</strong></span> 
     </span>
    </p>

    <p class='ocr_par' dir='ltr' id='par_1_8' title="bbox 58 5418 1820 5750">
     <span class='ocr_line' id='line_1_61' title="bbox 101 5418 1819 5504; baseline -0.001 -25"><span class='ocrx_word' id='word_1_782' title='bbox 101 5419 145 5480; x_wconf 79' lang='lat' dir='ltr'><strong>Ad</strong></span> <span class='ocrx_word' id='word_1_783' title='bbox 157 5423 468 5500; x_wconf 89' lang='lat' dir='ltr'><strong>secundum,udmitto</strong></span> <span class='ocrx_word' id='word_1_784' title='bbox 483 5423 584 5485; x_wconf 89' lang='lat' dir='ltr'><strong>dutiae</strong></span> <span class='ocrx_word' id='word_1_785' title='bbox 598 5422 713 5484; x_wconf 91' lang='lat' dir='ltr'><strong>cultum</strong></span> <span class='ocrx_word' id='word_1_786' title='bbox 723 5419 830 5484; x_wconf 88' lang='lat' dir='ltr'><strong>deberi</strong></span> <span class='ocrx_word' id='word_1_787' title='bbox 845 5433 913 5484; x_wconf 89' lang='lat' dir='ltr'><strong>san·</strong></span> <span class='ocrx_word' id='word_1_788' title='bbox 1002 5421 1043 5484; x_wconf 84' lang='lat' dir='ltr'><strong>ld</strong></span> <span class='ocrx_word' id='word_1_789' title='bbox 1062 5425 1183 5486; x_wconf 87' lang='lat' dir='ltr'><strong>tertium</strong></span> <span class='ocrx_word' id='word_1_790' title='bbox 1214 5427 1426 5504; x_wconf 82' lang='lat' dir='ltr'><strong>argumentum</strong></span> <span class='ocrx_word' id='word_1_791' title='bbox 1442 5435 1450 5496; x_wconf 83' lang='lat'>3</span> <span class='ocrx_word' id='word_1_792' title='bbox 1477 5419 1514 5478; x_wconf 84' lang='lat' dir='ltr'><strong>nd</strong></span> <span class='ocrx_word' id='word_1_793' title='bbox 1531 5419 1664 5498; x_wconf 90' lang='lat' dir='ltr'><strong>primum</strong></span> <span class='ocrx_word' id='word_1_794' title='bbox 1690 5418 1791 5480; x_wconf 90' lang='lat' dir='ltr'><strong>locum</strong></span> <span class='ocrx_word' id='word_1_795' title='bbox 1811 5463 1819 5492; x_wconf 97' lang='lat'><strong>,</strong></span> 
     </span>
     <span class='ocr_line' id='line_1_62' title="bbox 61 5495 1820 5587; baseline -0.001 -23"><span class='ocrx_word' id='word_1_796' title='bbox 61 5501 130 5574; x_wconf 90' lang='lat' dir='ltr'><strong>ctis,</strong></span> <span class='ocrx_word' id='word_1_797' title='bbox 145 5512 176 5566; x_wconf 87' lang='lat' dir='ltr'><strong>et</strong></span> <span class='ocrx_word' id='word_1_798' title='bbox 191 5523 271 5587; x_wconf 87' lang='lat' dir='ltr'><strong>nego</strong></span> <span class='ocrx_word' id='word_1_799' title='bbox 285 5507 315 5569; x_wconf 93' lang='lat' dir='ltr'><strong>id</strong></span> <span class='ocrx_word' id='word_1_800' title='bbox 332 5521 404 5570; x_wconf 89' lang='lat' dir='ltr'><strong>csse</strong></span> <span class='ocrx_word' id='word_1_801' title='bbox 429 5505 608 5570; x_wconf 78' lang='lat' dir='ltr'><strong>absurdum.</strong></span> <span class='ocrx_word' id='word_1_802' title='bbox 624 5504 666 5566; x_wconf 83' lang='lat' dir='ltr'><strong>ld</strong></span> <span class='ocrx_word' id='word_1_803' title='bbox 687 5503 815 5584; x_wconf 88' lang='lat' dir='ltr'><strong>primam</strong></span> <span class='ocrx_word' id='word_1_804' title='bbox 844 5517 912 5581; x_wconf 90' lang='lat' dir='ltr'><strong>pro·</strong></span> <span class='ocrx_word' id='word_1_805' title='bbox 959 5495 1127 5567; x_wconf 87' lang='lat' dir='ltr'><strong>lleutcmu.</strong></span> <span class='ocrx_word' id='word_1_806' title='bbox 1145 5507 1272 5582; x_wconf 71' lang='grc'><strong>111111,</strong></span> <span class='ocrx_word' id='word_1_807' title='bbox 1289 5505 1358 5567; x_wconf 88' lang='lat' dir='ltr'><strong>euni</strong></span> <span class='ocrx_word' id='word_1_808' title='bbox 1374 5502 1476 5563; x_wconf 90' lang='lat' dir='ltr'><strong>locum</strong></span> <span class='ocrx_word' id='word_1_809' title='bbox 1489 5501 1604 5564; x_wconf 89' lang='lat' dir='ltr'><strong>debere</strong></span> <span class='ocrx_word' id='word_1_810' title='bbox 1617 5499 1663 5562; x_wconf 90' lang='lat' dir='ltr'><strong>stc</strong></span> <span class='ocrx_word' id='word_1_811' title='bbox 1674 5499 1820 5580; x_wconf 75' lang='lat' dir='ltr'><strong>intelligis·</strong></span> 
     </span>
     <span class='ocr_line' id='line_1_63' title="bbox 59 5583 1820 5670; baseline -0.002 -22"><span class='ocrx_word' id='word_1_812' title='bbox 59 5584 213 5650; x_wconf 88' lang='lat' dir='ltr'><strong>bationcm</strong></span> <span class='ocrx_word' id='word_1_813' title='bbox 239 5589 427 5670; x_wconf 86' lang='lat' dir='ltr'><strong>respondeo,</strong></span> <span class='ocrx_word' id='word_1_814' title='bbox 454 5590 557 5653; x_wconf 87' lang='lat' dir='ltr'><strong>colere</strong></span> <span class='ocrx_word' id='word_1_815' title='bbox 572 5587 640 5648; x_wconf 88' lang='lat' dir='ltr'><strong>sinc</strong></span> <span class='ocrx_word' id='word_1_816' title='bbox 656 5587 740 5647; x_wconf 87' lang='lat' dir='ltr'><strong>lntrln</strong></span> <span class='ocrx_word' id='word_1_817' title='bbox 766 5601 826 5648; x_wconf 89' lang='lat' dir='ltr'><strong>noc</strong></span> <span class='ocrx_word' id='word_1_818' title='bbox 843 5599 913 5647; x_wconf 86' lang='lat' dir='ltr'><strong>esso</strong></span> <span class='ocrx_word' id='word_1_819' title='bbox 958 5587 1133 5652; x_wconf 81' lang='lat' dir='ltr'><strong>Dominum</strong></span> <span class='ocrx_word' id='word_1_820' title='bbox 1149 5587 1251 5653; x_wconf 81' lang='lat' dir='ltr'><strong>Deum</strong></span> <span class='ocrx_word' id='word_1_821' title='bbox 1275 5591 1368 5651; x_wconf 83' lang='lat' dir='ltr'><strong>icum</strong></span> <span class='ocrx_word' id='word_1_822' title='bbox 1393 5583 1557 5657; x_wconf 78' lang='lat' dir='ltr'><strong>adorabis,</strong></span> <span class='ocrx_word' id='word_1_823' title='bbox 1575 5583 1820 5646; x_wconf 83' lang='lat' dir='ltr'><strong>ctilliscliser·</strong></span> 
     </span>
     <span class='ocr_line' id='line_1_64' title="bbox 58 5665 1817 5750; baseline -0.001 -21"><span class='ocrx_word' id='word_1_824' title='bbox 58 5669 161 5733; x_wconf 87' lang='lat' dir='ltr'><strong>colere</strong></span> <span class='ocrx_word' id='word_1_825' title='bbox 174 5672 242 5734; x_wconf 89' lang='lat' dir='ltr'><strong>sine</strong></span> <span class='ocrx_word' id='word_1_826' title='bbox 255 5674 350 5746; x_wconf 87' lang='lat' dir='ltr'><strong>cultu,</strong></span> <span class='ocrx_word' id='word_1_827' title='bbox 379 5671 448 5736; x_wconf 87' lang='lat' dir='ltr'><strong>sed</strong></span> <span class='ocrx_word' id='word_1_828' title='bbox 462 5673 564 5738; x_wconf 88' lang='lat' dir='ltr'><strong>eolerc</strong></span> <span class='ocrx_word' id='word_1_829' title='bbox 581 5670 648 5732; x_wconf 86' lang='lat' dir='ltr'><strong>sinc</strong></span> <span class='ocrx_word' id='word_1_830' title='bbox 665 5669 713 5730; x_wconf 93' lang='lat' dir='ltr'><strong>tali</strong></span> <span class='ocrx_word' id='word_1_831' title='bbox 729 5668 824 5732; x_wconf 90' lang='lat' dir='ltr'><strong>cultu.</strong></span> <span class='ocrx_word' id='word_1_832' title='bbox 840 5666 913 5730; x_wconf 89' lang='lat' dir='ltr'><strong>llam</strong></span> <span class='ocrx_word' id='word_1_833' title='bbox 957 5672 1024 5734; x_wconf 85' lang='lat' dir='ltr'><strong>cies</strong></span> <span class='ocrx_word' id='word_1_834' title='bbox 1034 5689 1048 5747; x_wconf 90' lang='lat'><strong>,·</strong></span> <span class='ocrx_word' id='word_1_835' title='bbox 1063 5687 1099 5735; x_wconf 83' lang='lat' dir='ltr'><strong>ce</strong></span> <span class='ocrx_word' id='word_1_836' title='bbox 1115 5673 1271 5746; x_wconf 84' lang='lat' dir='ltr'><strong>seruitute,</strong></span> <span class='ocrx_word' id='word_1_837' title='bbox 1285 5685 1364 5750; x_wconf 89' lang='lat' dir='ltr'><strong>quae</strong></span> <span class='ocrx_word' id='word_1_838' title='bbox 1376 5665 1439 5730; x_wconf 87' lang='lat' dir='ltr'><strong>lieo</strong></span> <span class='ocrx_word' id='word_1_839' title='bbox 1454 5668 1512 5730; x_wconf 88' lang='lat' dir='ltr'><strong>soli</strong></span> <span class='ocrx_word' id='word_1_840' title='bbox 1529 5666 1684 5729; x_wconf 80' lang='lat' dir='ltr'><strong>conuenit.</strong></span> <span class='ocrx_word' id='word_1_841' title='bbox 1701 5665 1772 5727; x_wconf 85' lang='lat' dir='ltr'><strong>Nam</strong></span> <span class='ocrx_word' id='word_1_842' title='bbox 1785 5667 1817 5728; x_wconf 92' lang='lat' dir='ltr'><strong>in</strong></span> 
     </span>
    </p>
   </div>
   <div class='ocr_carea' id='block_1_3' title="bbox 138 5761 1514 5829">
    <p class='ocr_par' dir='ltr' id='par_1_9' title="bbox 138 5761 1514 5829">
     <span class='ocr_line' id='line_1_65' title="bbox 138 5761 1514 5829; baseline 0.002 -6"><span class='ocrx_word' id='word_1_843' title='bbox 138 5765 312 5829; x_wconf 74' lang='lat' dir='ltr'><strong>Borttnnrst.</strong></span> <span class='ocrx_word' id='word_1_844' title='bbox 326 5771 384 5829; x_wconf 86' lang='lat' dir='ltr'><strong>tet.</strong></span> <span class='ocrx_word' id='word_1_845' title='bbox 402 5771 437 5827; x_wconf 90' lang='lat' dir='ltr'><strong>lt.</strong></span> <span class='ocrx_word' id='word_1_846' title='bbox 1481 5761 1514 5816; x_wconf 72' lang='grc'><strong>57</strong></span> 
     </span>
    </p>
   </div>
   <div class='ocr_carea' id='block_1_4' title="bbox 0 0 2060 6309">
    <p class='ocr_par' dir='ltr' id='par_1_10' title="bbox 0 0 2060 6309">
     <span class='ocr_line' id='line_1_66' title="bbox 0 0 2060 6309; baseline 0 0"><span class='ocrx_word' id='word_1_847' title='bbox 0 0 2060 6309; x_wconf 95' lang='lat' dir='ltr'><strong> </strong></span> 
     </span>
    </p>
   </div>
  </div>
 </body>
</html>
