4086 6296
810 362 1098 428 traattsecuonus
1358 346 1363 356 ’
1725 357 1780 420 aaa

109 493 289 563 Secundum
303 494 537 561 tundamentum
559 501 607 560 est
621 509 658 557 ex
672 492 867 573 Augustino,
883 494 937 572 nul
980 504 1100 582 rupere,
1116 497 1164 563 vel
1180 496 1367 562 tentationes
1381 493 1523 560 manales
1543 507 1715 573 superare,
1743 490 1801 586 nisi
1818 507 1851 554 o·

64 581 101 642 ia
116 581 176 644 lib.
191 579 232 640 de
246 589 343 654 opere
364 578 588 641 monachorum
603 575 698 648 dieii,
714 574 879 655 religiosos
893 583 937 640 te·
981 582 1121 665 parando
1147 578 1362 660 corporaliter.
1391 575 1428 639 tt
1452 592 1562 640 omnes
1591 581 1653 640 tem
1681 574 1847 666 reliptoai,

66 664 138 725 neri
155 661 193 723 ad
210 658 414 737 beortwaldi
430 665 631 802 fraterculum
646 657 862 750 miletium.
879 673 939 750 nee
981 682 1074 746 quam
1088 664 1266 728 saeculares
1281 665 1427 724 tenentur
1447 658 1612 739 prouidere
1630 704 1637 729 ,
1654 672 1695 720 ne
1720 669 1852 750 mortan-

65 740 212 806 exeuseri
228 755 286 818 per
297 743 429 817 oaaapet
443 755 519 802 ones
534 739 724 819 spirituales.
738 737 789 802 Sto
800 738 884 808 anim
896 744 939 800 etl
980 748 1122 811 turiame
1151 749 1182 807 et
1196 741 1292 808 otium
1307 743 1415 821 iugem
1433 787 1441 812 ,
1467 757 1504 804 ae
1529 754 1679 820 superare
1710 742 1851 800 tentatae·

64 841 138 901 eatt-
157 823 208 884 ll·
228 817 323 896 Quid,
339 819 451 898 inquit,
468 827 589 900 attam,
605 821 811 900 ιιιίῠιιθιαιι*
825 835 937 898 terito·
981 845 1052 892 nes.
1079 827 1198 892 Omnes
1225 822 1320 904 igitur
1344 827 1490 886 tenentur
1517 823 1629 886 eodem
1652 820 1743 883 modo
1769 817 1855 882 laba·

62 907 182 970 rolitar
193 903 322 975 nolant,
339 900 938 972 adadomentaetredeetderoom-
981 926 1063 976 rare.
1470 939 1475 944 —

64 987 223 1056 tionibus,
239 983 409 1062 immiteis
423 989 452 1046 el
462 985 613 1064 illelmi&
628 987 659 1045 el
674 982 817 1057 actaea,
827 987 857 1046 el
869 997 938 1046 ver·
1022 990 1125 1054 Tertio
1139 989 1287 1068 probatur
1298 1002 1336 1050 nx
1351 986 1414 1050 illis
1430 985 1509 1065 ipsis
1537 982 1749 1066 aspernantis.
1767 997 1847 1061 aueo

64 1068 107 1130 ⁶⁰
124 1068 195 1130 Del·
212 1065 448 1144 Sanetoplane
461 1066 540 1140 vlla,
555 1066 633 1128 aaut
649 1063 766 1128 carata
777 1065 938 1130 willalme
981 1078 1088 1137 rantra
1104 1088 1162 1135 nos
1174 1071 1387 1152 proteruntur.
1405 1067 1479 1132 llam
1494 1069 1527 1130 in
1552 1067 1662 1148 primis
1676 1065 1851 1158 apostolus,

64 1149 273 1213 laudabilis:
288 1147 347 1209 led
365 1145 449 1209 ⁸4⁰⁶
464 1146 515 1210 hil
530 1147 696 1230 altOffllldl
718 1161 789 1209 noa
801 1155 936 1220 manaa,
981 1156 1014 1218 in
1028 1155 1090 1218 illle
1104 1154 1185 1216 loeis
1196 1169 1259 1216 uon
1275 1151 1384 1215 serlbit
1395 1149 1556 1214 marselde
1572 1197 1581 1224 ,
1609 1148 1668 1212 aed·
1689 1145 1855 1210 seeaulerr·

64 1247 131 1293 mee
144 1228 424 1294 manducandam
438 1233 566 1299 aetnae
579 1229 674 1308 iprae
688 1242 780 1292 mooe
794 1228 941 1308 quotidie
982 1237 1042 1300 bus
1058 1241 1091 1298 ut
1105 1241 1199 1314 petet,
1215 1240 1246 1297 et
1262 1233 1430 1312 praeeipae
1441 1232 1528 1312 juxte
1549 1229 1728 1311 opinionem
1747 1226 1854 1322 adrer-

62 1311 348 1391 praeparandae,
364 1315 401 1372 tol
413 1311 540 1388 amital
564 1309 692 1388 aaroni
704 1313 734 1372 el
748 1309 885 1372 alelmi·
903 1309 940 1372 δι’
983 1318 1146 1390 seriorum,
1163 1317 1215 1396 qai
1228 1317 1343 1378 dorent
1358 1313 1495 1378 nondum
1510 1313 1564 1377 illa
1577 1318 1716 1390 tompore
1731 1323 1854 1388 eoepis-

65 1401 182 1456 aulem
196 1393 242 1456 ed
253 1393 319 1454 isla
330 1405 449 1455 vetare
461 1405 574 1456 serviet
585 1391 747 1454 Deieerlt'e
758 1391 939 1454 intervella
983 1415 1018 1464 se
1033 1399 1214 1479 religiones.
1226 1397 1347 1460 Deinde
1359 1396 1518 1476 apostolas
1535 1395 1568 1458 in
1589 1395 1651 1457 illis
1666 1393 1746 1456 loeis
1763 1407 1851 1453 num·

66 1475 225 1553 temporis
238 1473 344 1553 epatre
357 1471 563 1551 infimitatis
583 1473 751 1538 aemonae
764 1474 940 1536 armatae
983 1499 1074 1559 quem
1090 1480 1242 1560 pmoeipit
1257 1478 1378 1560 operari
1393 1478 1548 1552 absolate,
1564 1477 1621 1540 sed
1636 1474 1739 1538 solum
1764 1473 1802 1534 nd
1819 1487 1851 1536 a·

63 1559 165 1636 eonii,
175 1571 235 1618 aar
247 1569 317 1618 alm
327 1559 357 1617 el
371 1556 557 1633 apostolieae
569 1556 753 1634 praesepiis
768 1553 939 1618 oosemom
981 1563 1139 1638 vitandum
1154 1561 1280 1628 lurtum,
1294 1562 1342 1623 rel
1357 1557 1551 1633 seandalunr,
1576 1559 1626 1622 rel
1651 1557 1761 1620 otiam:
1778 1555 1851 1618 llam

65 1641 122 1702 dia
137 1639 387 1718 allaumparteo
401 1643 584 1716 temperator
598 1638 825 1716 deperanda-r
841 1635 940 1699 citiam
983 1643 1101 1723 Epeos.
1115 1644 1148 1707 l.
1164 1643 1216 1705 ait:
1234 1643 1295 1721 Qui
1308 1638 1497 1721 durabatur,
1518 1641 1594 1720 jam
1617 1655 1688 1704 nom
1712 1638 1854 1715 furetur,

65 1723 161 1784 enlm
176 1719 444 1782 eoesstltlt'lttt'ww
458 1718 636 1784 obedientis
651 1718 876 1798 matidedum
886 1718 940 1782 dl·
983 1726 1092 1803 mapa
1108 1731 1221 1789 uatem
1244 1723 1369 1788 laboret
1394 1723 1563 1803 meando
1590 1721 1744 1785 manitas
1772 1720 1856 1782 saia.

65 1817 143 1865 earn
156 1801 265 1864 aridia
277 1802 520 1879 contemptoris.
836 1878 843 1892 ι
883 1833 884 1839 1
986 1808 1021 1869 ιιι
1036 1810 1065 1870 l.
1079 1808 1220 1870 thessal.
1234 1807 1263 1870 ι.
1277 1812 1478 1886 posteaquam
1494 1804 1624 1875 dixerat,
1642 1807 1675 1866 ιιι
1690 1816 1856 1898 operaren-

113 1883 250 1946 'l'ertium
273 1882 508 1945 tundamentum
530 1887 579 1946 est
600 1897 638 1946 ex
659 1879 887 1944 eonsuetudme
907 1896 941 1944 a·
984 1896 1044 1965 tor,
1062 1888 1224 1968 subiungit
1238 1889 1401 1952 rationem:
1419 1885 1452 1949 ιιι
1467 1887 1598 1950 honmte
1623 1884 1797 1948 ambulatu
1812 1885 1858 1948 od

65 1965 191 2028 mnium
202 1964 397 2040 antiquarum
412 1963 618 2044 religionum:
648 1962 723 2026 llam
744 1961 940 2040 Epiphanius
984 1987 1038 2034 ρος
1053 1973 1112 2050 qna
1125 1971 1206 2047 parte
1220 1973 1309 2040 enne,
1326 1975 1357 2032 ea
1379 1969 1507 2032 „seusus
1533 1969 1664 2049 anaqam
1689 1967 1853 2032 pamm.

66 2045 222 2109 haereses
247 2044 301 2108 8⁰·
316 2043 496 2125 Hieronem·
519 2046 611 2126 epist.
639 2045 672 2108 t.
697 2043 736 2108 ao
758 2044 938 2120 austreno,
983 2054 1035 2117 ra.
1053 2053 1107 2114 ttot
1122 2051 1211 2126 tund,
1229 2052 1430 2123 desumere,
1454 2067 1518 2112 non
1533 2049 1689 2129 signinam
1703 2048 1852 2126 oonoupt-

67 2127 149 2206 Aua·
177 2127 233 2190 lih-
260 2128 291 2189 l.
318 2126 359 2189 de
385 2125 525 2189 moribus
548 2127 670 2190 lleoles·
693 2142 763 2205 etit·
790 2126 842 2190 3¹·
867 2124 940 2188 Ges·
986 2134 1091 2197 soatis.
1109 2134 1165 2196 sed
1192 2133 1335 2196 aareetis.
1365 2131 1417 2195 Sia
1443 2132 1527 2195 enirn
1553 2139 1602 2194 est
1625 2132 1656 2194 lu
1673 2127 1856 2210 praenarret

68 2210 152 2271 sian.
168 2209 225 2270 tio.
241 2209 273 2271 ι.
301 2223 370 2286 esp.
385 2207 417 2270 d.
444 2213 476 2270 et
489 2208 546 2272 tin.
571 2208 602 2272 3.
625 2225 695 2287 eap.
710 2208 740 2270 2.
767 2208 807 2272 do
818 2205 940 2270 institu-
985 2214 1154 2297 μηδενὸςχ
1172 2212 1237 2277 slav
1250 2211 1351 2296 ἔχητε.
1366 2213 1460 2288 idest,
1476 2218 1507 2276 et
1521 2214 1638 2276 nullius
1652 2212 1855 2290 indigentiam

68 2292 113 2353 as
129 2281 375 2362 coenobiorum,
401 2288 515 2352 docem
529 2290 633 2356 emera
653 2290 841 2354 monasterie
856 2289 939 2354 bene
985 2299 1136 2360 retentis.
1151 2233 1443 2359 {annuntiabamur
1456 2297 1540 2358 enim
1554 2295 1791 2367 leudomarum
1807 2293 1850 2354 ιι.

64 2372 221 2448 institute,
247 2370 422 2434 seeundum
433 2370 566 2450 apostati
580 2372 684 2453 legem
697 2371 842 2436 menibus
855 2371 942 2436 labo·
983 2379 1100 2442 debent
1115 2377 1319 2446 Christianos,
1336 2393 1374 2440 er
1388 2377 1502 2440 alienis
1526 2377 1621 2446 bonis
1635 2376 1715 2440 aelle
1737 2376 1854 2438 rivere.

70 2469 157 2516 rare.
835 2525 839 2533 ,
987 2459 1240 2523 manasses.
1263 2465 1427 2540 postquam
1449 2458 1578 2522 dixerat:
1598 2457 1744 2535 ρυιιιιοιι
1765 2457 1856 2521 labo·

113 2534 169 2598 llis
183 2533 942 2622 nanobstantibus,raspandemusaumbdhonm
983 2540 1857 2620 rar,nonmandaretsmdtntadtoimraanemonas·

65 2618 103 2679 ln
119 2618 273 2696 opusculo
289 2618 340 2680 ¹⁹·
357 2617 478 2682 oli112⁸
494 2619 525 2682 2·
542 2625 663 2698 quaesi·
680 2617 751 2682 ¹87·
781 2625 839 2682 tri·
862 2618 893 2682 3·
911 2625 942 2682 el
984 2627 1065 2690 dam
1077 2626 1163 2688 inter
1175 2641 1230 2687 aas
1244 2625 1408 2703 inquietos
1430 2638 1519 2696 esse,
1549 2622 1637 2686 atati
1664 2627 1851 2702 operantes,

68 2699 107 2762 lt.
123 2699 336 2762 Beneuentum
351 2698 384 2762 ia
399 2700 456 2763 lib.
471 2701 512 2764 de
526 2706 708 2780 paupertate
723 2699 848 2774 Christi,
866 2706 898 2763 et
909 2701 941 2762 in
983 2709 1041 2772 sed
1057 2709 1183 2770 anianae
1198 2711 1343 2781 operatae.
1355 2704 1411 2778 eri
1427 2720 1502 2783 ergo
1518 2709 1650 2781 posenni
1661 2705 1775 2767 turtum
1791 2703 1854 2766 eri·

67 2780 214 2860 θβῠῑοιὶι
230 2795 420 2861 pauperum:
448 2783 487 2844 ad
515 2783 631 2846 nietam
658 2782 765 2846 labare
794 2798 941 2846 manuum
984 2796 1049 2852 tere
1065 2795 1095 2851 et
1110 2788 1291 2852 scandalum
1321 2792 1352 2847 et
1364 2786 1478 2858 otiam,
1493 2786 1554 2850 alia
1568 2787 1662 2848 modo
1677 2802 1769 2866 quam
1784 2801 1853 2848 aor-

65 2863 288 2942 quaerendum
303 2879 365 2924 non
382 2864 481 2942 magis
497 2865 596 2926 teneri
624 2865 794 2928 moneolroa
811 2907 820 2937 ,
848 2881 941 2942 onam
984 2871 1132 2953 penaliter
1146 2867 1316 2952 operando,
1334 2883 1389 2932 eos
1404 2867 1517 2933 Paulus
1532 2883 1596 2932 uon
1614 2867 1731 2949 obliget
1746 2883 1855 2947 eorpo·
1975 2940 1982 2960 ⁶

65 2944 263 3022 saeculares,
279 2951 311 3006 et
324 2943 474 3024 probatur
489 2947 601 3023 primo,
613 2947 663 3009 rel
688 2947 830 3010 labomre
844 2947 942 3011 ruani-
985 2956 1092 3019 naliter
1105 2955 1239 3034 operari.

66 3025 133 3087 bus
148 3029 196 3088 est
211 3032 424 3104 praeceptam,
440 3027 491 3089 rel
505 3029 684 3092 eonsilium.
700 3028 731 3092 st
747 3029 893 3108 primum,
910 3045 941 3092 e·
1027 3037 1094 3100 lem
1105 3055 1178 3101 aero
1193 3038 1224 3101 b.
1238 3037 1429 3118 Augustinus
1443 3039 1474 3100 in
1493 3037 1546 3100 illo
1559 3035 1616 3100 lib.
1630 3036 1670 3099 de
1682 3047 1778 3118 opere
1789 3047 1855 3095 mo·

67 3121 162 3169 mnes
177 3106 305 3186 obligat,
330 3113 391 3171 lem
406 3110 610 3186 saeculares,
641 3126 733 3190 quem
762 3110 940 3192 religiosos.
988 3121 1169 3192 enehorum,
1186 3121 1286 3183 solum
1303 3119 1419 3195 oblinat
1440 3121 1479 3182 ad
1501 3119 1693 3198 opemudum
1709 3116 1855 3179 manibus

65 3189 237 3268 Praecepta
251 3188 335 3251 enim
361 3189 473 3253 dantur
487 3191 653 3269 omnibus3
683 3191 829 3254 omnibus
857 3193 941 3256 enim
986 3201 1069 3268 illos.
1086 3203 1138 3280 qui
1154 3209 1320 3282 antequem
1334 3201 1473 3280 religiosi
1488 3201 1653 3276 florenter
1669 3200 1773 3262 labore
1788 3213 1852 3259 me·

66 3265 194 3332 dillltur:
209 3269 304 3334 Sinis
319 3271 366 3334 ad
377 3271 482 3336 attona
494 3273 637 3352 lnprede',
652 3288 747 3337 seraa
760 3276 936 3338 mandato.
985 3299 1081 3345 nuum
1097 3284 1250 3359 destant,
1264 3289 1295 3346 et
1310 3299 1393 3346 nune
1404 3283 1488 3347 idem
1503 3283 1604 3345 ieaere
1619 3287 1767 3359 possam,
1783 3281 1854 3342 sina

66 3352 102 3414 Si
115 3353 378 3431 seeundum,ergo
390 3368 484 3416 namo
495 3358 617 3418 tenetur
628 3355 767 3418 laborare
779 3356 937 3433 menibus,
985 3365 1209 3444 impedimento
1224 3365 1349 3440 majmis
1364 3365 1485 3440 boniet
1499 3370 1652 3427 inmanes
1667 3364 1731 3426 otio
1761 3368 1792 3424 et
1807 3359 1853 3440 pl·

64 3433 132 3495 nisi
148 3434 201 3513 qai
216 3441 327 3510 sponte
342 3433 380 3496 ad
394 3434 487 3514 hujus
500 3436 624 3498 consilii
641 3436 889 3500 observationem
904 3453 940 3500 se
986 3447 1075 3526 prilla
1106 3447 1213 3509 nolunt
1230 3466 1238 3524 3
1269 3447 1343 3509 Nem
1354 3463 1424 3527 esp.
1451 3448 1504 3509 at.
1520 3445 1635 3523 exeipit
1658 3446 1825 3524 religiosos
1842 3487 1850 3506 .

68 3514 268 3594 obligaveris
284 3516 355 3578 talis
370 3515 453 3578 eninr
468 3521 517 3580 est
531 3524 638 3580 natura
668 3520 808 3581 omnium
836 3519 939 3582 aonsi·
986 3531 1039 3607 qui
1065 3528 1276 3592 aeclesiastica
1287 3529 1456 3592 ministeria
1473 3533 1641 3596 exerrent,
1658 3529 1767 3605 quales
1782 3529 1856 3589 suat

66 3595 196 3659 liorumr
212 3597 293 3677 llrgo
305 3595 443 3676 religiosi
463 3599 517 3677 qai
532 3597 563 3661 id
585 3599 750 3662 eonsilium
776 3615 839 3662 noa
855 3615 940 3664 reee-
986 3609 1047 3671 ime
1067 3613 1207 3689 tempore
1235 3626 1345 3672 omnes
1366 3610 1594 3672 mendicantes.
1610 3609 1662 3673 Sia
1684 3610 1768 3672 enim
1789 3606 1852 3667 ait:

66 3682 197 3760 perant,
211 3695 273 3740 uon
290 3683 436 3741 tenentur
450 3679 594 3744 menibus
605 3681 758 3744 laborare.
776 3681 840 3744 lion
854 3683 937 3745 enim
986 3691 1022 3752 si
1036 3692 1254 3768 eoonpetistae
1270 3735 1279 3762 ,
1295 3691 1396 3771 inquit
1413 3739 1421 3754 .
1437 3698 1536 3764 stant,
1556 3691 1589 3754 ιι
1607 3691 1752 3754 ministra·
1775 3689 1858 3751 atta·

66 3765 220 3822 tenentur
233 3759 371 3840 religiosi
387 3759 425 3822 ad
437 3761 539 3824 omnia
555 3761 699 3839 eonsilia,
715 3763 886 3827 sedentum
901 3765 940 3828 ad
983 3773 1030 3835 eis
1047 3821 1055 3841 ,
1071 3774 1102 3836 se·
1126 3774 1366 3852 dispensatores
1379 3777 1680 3847 sacramentonum,
1707 3771 1787 3836 boae
1811 3771 1858 3846 aie

74 3842 143 3914 itte,
159 3857 239 3919 title
255 3848 366 3920 Simile
381 3841 568 3920 iustitium·
985 3853 1018 3916 lt·
1030 3855 1128 3918 istam
1141 3871 1211 3918 noa
1225 3860 1399 3933 arnapam,
1422 3857 1481 3918 aad
1492 3855 1594 3933 plone
1607 3855 1784 3920 oeada'oont
1796 3869 1858 3932 pas

115 3923 272 3996 seeundo,
286 3923 314 3986 si
329 3929 509 3986 tenerentur
521 3924 659 4004 religiosi
675 3925 816 3989 laborare
845 3926 941 3990 meai·
984 3939 1151 4009 resonam,
1180 3937 1342 4002 emmonem
1353 3937 1487 4001 ornanda·
1501 3935 1767 4016 aeternitatibus
1795 3951 1854 4017 aaa

68 4003 133 4067 bus
148 4004 248 4084 magis
260 4005 553 4085 quamseaeulares,
570 4012 623 4070 aut
637 4006 667 4070 id
684 4015 770 4071 osset
794 4023 832 4072 ex
854 4023 941 4086 prae·
985 4019 1070 4097 puta.
1696 4012 1700 4024 '
1765 4061 1773 4077 ,-

67 4091 165 4166 eepto
179 4087 427 4158 mtoretteutex
442 4087 586 4165 positivo:
604 4096 746 4152 neutrum
759 4096 861 4153 autem
877 4090 939 4154 dial
1024 4099 1129 4172 Dioes,
1146 4105 1282 4177 potestas
1295 4102 1421 4179 petendi
1436 4107 1579 4180 sumptus
1606 4102 1765 4183 apopulo‚
1785 4115 1848 4162 noa

71 4174 189 4246 Ρῠῑθῦῑὶ
203 4168 287 4248 ll¹¹⁰d
303 4170 389 4230 essim
403 4183 466 4232 ¹¹⁰ss
479 4184 517 4232 0¹
527 4170 671 4250 P⁰Sffil⁰s
689 4171 858 4249 pateram„
873 4174 941 4236 aul·
985 4185 1033 4244 est
1045 4181 1113 4243 data
1129 4183 1188 4247 nisi
1201 4182 1367 4246 ordinariis
1383 4183 1573 4260 pastoribus:
1590 4185 1705 4263 alioqui
1721 4187 1852 4262 possent

65 4251 137 4312 lum
153 4250 212 4312 tole
226 4250 423 4329 ersutrquod
435 4266 497 4314 non
511 4252 939 4331 exnaturattprobetarttem
983 4263 1122 4343 religiosi
1139 4265 1281 4346 scalpere
1297 4266 1435 4328 deeimns
1454 4313 1462 4338 ,
1489 4266 1573 4342 duod
1602 4271 1650 4330 est
1678 4265 1801 4339 falsum,
1819 4269 1852 4326 et

67 4333 323 4412 praeceptumde
335 4333 611 4408 interamnates
623 4334 942 4414 netumle,dupliolter
984 4351 1089 4407 eontra
1102 4363 1239 4410 renones
1253 4348 1381 4418 maltos,
1394 4355 1428 4410 ιιι
1443 4365 1481 4412 aa
1496 4345 1690 4412 Clementiae
1705 4350 1803 4429 prime
1815 4348 1855 4416 ds

66 4414 269 4492 obligatum
282 4415 377 4476 modo
389 4413 541 4490 absolute,
558 4416 618 4478 elio
629 4417 723 4479 modo
734 4417 766 4478 in
789 4423 874 4480 aerio
889 4435 940 4480 aa·
985 4425 1118 4490 decimis
1132 4429 1331 4507 perspicuum
1349 4434 1408 4493 est,

67 4495 228 4558 su.Primo
239 4496 331 4558 modo
343 4511 407 4559 non
418 4495 534 4590 obligat
545 4498 758 4593 attentassem
771 4499 941 4594 rempubli·
1028 4507 1226 4587 despondeo:
1242 4511 1397 4590 Quidquid
1412 4511 1453 4574 de
1467 4511 1528 4576 hoo
1543 4511 1605 4586 sit,
1632 4512 1716 4592 quod
1745 4517 1853 4590 postea

65 4593 151 4671 vaip,
167 4583 205 4670 ¹¹¹.
217 4577 432 4672 tillekdelienl
445 4591 529 4672 erato
544 4595 575 4672 ιιι
588 4595 627 4671 ee
644 4579 694 4641 alu
710 4595 782 4642 esse
797 4580 938 4660 optume,
986 4587 1173 4662 ridebimus,
1189 4591 1264 4655 satis
1279 4593 1372 4656 noble
1397 4597 1457 4666 est,
1481 4594 1564 4671 quod
1588 4595 1781 4674 Augustinus
1796 4595 1856 4657 hoe

64 4658 124 4720 alu
141 4658 307 4735 operantes,
323 4657 375 4720 ala
392 4660 571 4733 medietato
583 4660 708 4738 audires
723 4667 817 4724 eteet
831 4678 871 4731 ex
883 4663 941 4726 heo
988 4669 1083 4750 dieat,
1096 4673 1136 4735 de
1152 4673 1243 4754 enjus
1265 4675 1419 4738 sententia
1432 4675 1680 4755 disputemusttt
1695 4679 1855 4755 praeterea

66 4744 159 4818 parte
175 4755 237 4801 non
251 4741 396 4802 eonvenit
409 4741 565 4820 religiosis
580 4742 721 4806 laborare
735 4743 942 4817 mariaeerat
988 4751 1054 4815 sire
1062 4754 1200 4834 religiosi
1212 4756 1468 4836 praedicanteset
1478 4764 1669 4822 saorementa
1678 4757 1855 4821 ministran-

65 4821 153 4884 enim
163 4819 460 4886 oillaiumlralrentiu
468 4823 627 4904 republica
635 4823 741 4887 orandi
751 4831 781 4888 el
789 4825 944 4904 psallendi
989 4838 1049 4906 tes,
1060 4837 1195 4914 possint,
1212 4853 1250 4901 ex
1268 4837 1388 4918 justitia
1404 4847 1548 4918 sumptus
1564 4845 1682 4917 patera,
1709 4838 1776 4902 sire
1791 4856 1853 4903 non

65 4911 100 4966 et
110 4901 224 4997 similia
239 4902 383 4966 leniendi.
401 4903 544 4969 seeundo
557 4906 648 4969 mado
663 4907 942 4987 teneaturquldem
987 4919 1121 4993 possint,
1137 4917 1211 4982 satis
1224 4927 1273 4982 est
1288 4921 1370 5000 quod
1385 4921 1470 4984 lieite
1485 4921 1607 5000 possint
1619 4928 1727 5002 petere
1742 4921 1852 4985 saltem

65 4985 189 5064 singuli
201 4986 459 5082 hoepraeoepto,
483 4987 540 5051 sad
556 5004 618 5050 non
633 4988 738 5084 minus
751 4989 941 5086 saeculares,
987 5013 1026 5060 ex
1038 4997 1196 5072 enaritate,
1214 5007 1246 5063 ol
1257 5002 1400 5081 aenipere
1416 5003 1586 5080 eorporelia
1601 5021 1610 5081 3
1639 5004 1721 5067 sieut
1734 5002 1794 5081 ipsi
1810 5020 1849 5067 ea

67 5083 165 5147 quam
181 5067 337 5164 relapsosm
354 5083 426 5130 uam
438 5083 666 5164 omnesueasus,
688 5086 720 5132 ιιι
736 5072 850 5148 aurbus
864 5071 943 5134 obii·
988 5079 1137 5143 enaritate
1151 5081 1521 5162 ministraatsplritualie.
1538 5085 1716 5166 etpopalus
1727 5085 1851 5164 eoetpit.

64 5154 182 5244 gantur
196 5150 311 5228 singula
327 5149 467 5214 laborare
480 5151 637 5246 mambae,
661 5167 728 5248 non
750 5153 876 5226 minus,
892 5171 942 5216 aa·
989 5160 1075 5224 adde
1087 5163 1191 5236 etiem,
1207 5165 1289 5242 quod
1305 5165 1442 5245 religiosi
1468 5165 1650 5245 huiusmodi
1677 5172 1763 5230 reeta
1789 5167 1851 5231 diei

63 5231 176 5326 erdere
193 5236 322 5310 possunt
337 5231 657 5326 saecularibus,quam
671 5233 840 5314 relegiosis3
854 5236 942 5300 aerlti
987 5249 1119 5322 possunt
1133 5246 1255 5324 operari
1271 5246 1414 5310 manibus
1439 5247 1517 5311 suia.
1547 5247 1674 5327 operari
1690 5248 1773 5311 enlm
1790 5265 1852 5312 ma·

68 5318 182 5391 gratae,
200 5329 281 5376 unus
297 5319 327 5408 et
342 5329 528 5393 praeotpuus
543 5331 636 5380 ansus
650 5320 699 5379 est
715 5363 723 5390 ‚
739 5316 766 5380 sl
778 5317 849 5398 quis
864 5317 941 5382 nihil
986 5324 1080 5388 nibus
1095 5330 1143 5389 est
1157 5327 1277 5406 opemri
1291 5327 1570 5407 eorpomtttersire
1582 5329 1614 5394 id
1626 5329 1679 5394 ttet
1692 5329 1849 5406 monibus,

62 5393 182 5456 lrabeat
197 5395 280 5458 uude
292 5402 382 5469 strat,
400 5411 459 5459 neo
474 5397 573 5476 possit
588 5397 671 5460 lieite
686 5397 814 5475 habere,
834 5400 894 5462 nisi
907 5416 940 5462 o·
986 5405 1052 5470 siae
1067 5407 1211 5486 pedibus,
1228 5408 1293 5471 siro
1308 5409 1425 5489 lingue,
1441 5410 1507 5474 sire
1523 5410 1584 5472 alio
1607 5412 1710 5476 modo:
1728 5412 1850 5491 Apella·

63 5476 219 5572 peranda.
235 5477 323 5572 Alius
334 5493 425 5542 rasus
437 5485 496 5555 est,
513 5478 541 5541 si
557 5477 628 5574 uuis
641 5483 784 5575 teneatur
796 5481 940 5576 provide·
985 5493 1035 5551 tur
1048 5493 1149 5553 autem
1165 5504 1245 5568 opus
1259 5492 1514 5573 eorporele,opus
1526 5509 1688 5568 manuum,
1701 5494 1772 5572 quie
1789 5511 1850 5557 ma·

63 5574 100 5620 re
116 5558 206 5620 altem
222 5560 261 5622 de
276 5559 360 5634 orbo,
371 5567 402 5623 ot
417 5577 478 5622 non
495 5563 594 5640 possit
610 5560 695 5626 laerte
710 5577 782 5626 eum
796 5563 937 5628 maenirs
986 5585 1046 5633 nus
1062 5577 1110 5633 ost
1125 5571 1363 5634 instrumentum
1376 5576 1658 5656 praecipuumque
1673 5592 1851 5655 operamur,

63 5641 129 5705 nisi
141 5641 314 5726 operando.
330 5642 451 5708 Tertius
467 5643 712 5724 adstanteme
728 5645 829 5724 possit
842 5645 937 5712 otium
987 5651 1075 5718 llnda
1091 5655 1182 5718 etiam
1194 5654 1331 5735 aurigae,
1348 5661 1379 5720 et
1391 5662 1524 5738 nautae,
1542 5662 1574 5723 et
1587 5673 1744 5736 cursores,
1759 5664 1790 5720 et
1805 5660 1848 5723 ri·
