4088 6300
262 321 316 380 336
889 316 931 372 tlt
951 313 1055 372 tutto
1076 315 1273 374 sln'dtblllttt

189 459 238 521 12.
256 455 391 538 Oportet,
408 451 518 534 133311,
531 452 690 517 mundari
701 459 731 516 ct
744 448 942 528 sanctificari
950 448 1044 528 prora
1090 448 1323 528 poeaitentiam
1340 449 1468 528 palmae,
1486 451 1653 526 rictoriem3
1669 451 1751 516 cerel
1768 447 1938 530 paschalis
1961 492 1971 520 ‚

189 557 293 622 33333
308 557 330 604 3
343 540 507 602 sacerdote
518 543 574 598 etc.
591 535 768 598 ambrosius
782 535 836 596 tib.
852 534 882 596 1.
899 536 1044 595 desaoru·
1089 535 1215 613 gloriam
1228 535 1471 596 resurrectionis¹
1488 535 1592 612 licque
1613 534 1713 598 obstat
1734 535 1810 597 ratio
1833 530 1973 596 terentii

186 621 423 702 3331133333.
440 624 540 694 33331,
557 633 666 698 anunm
681 619 796 682 debere
810 616 997 686 consecrari,
1014 619 1045 675 ct
1090 618 1128 678 de
1143 616 1386 691 adumbratione
1414 634 1483 680 uem
1513 619 1587 680 13133
1617 617 1860 697 significationes
1891 629 1974 677 uon

188 707 241 768 lib.
257 707 295 768 de
308 706 356 767 his
371 703 422 784 331
439 701 593 784 mysteriis
605 701 765 763 initiantur
780 717 846 776 cap·
863 699 990 772 331311,
1014 713 1045 756 a·
1089 704 1161 762 sunt
1176 702 1316 778 propriae
1330 699 1578 762 adumbrationes
1607 699 1776 762 iuturorum
1795 747 1802 767 .
1829 701 1889 764 sed
1907 712 1972 759 re·

189 807 280 868 quam
296 787 355 849 nisi
370 785 471 848 erucis
486 785 575 863 signo
592 783 675 861 prius
689 789 842 856 sacretur,
866 782 981 843 nullum
994 779 1047 839 ha·
1069 845 1073 852 ,
1090 783 1352 860 praesentationes
1368 789 1511 844 externae
1534 799 1632 844 rerum
1648 783 1859 862 praesentium
1875 780 1975 842 invi·

188 873 263 934 bere
277 884 367 932 usum
382 869 414 934 iu
429 865 962 944 63313313633613366.33833113
977 877 1047 924 sen·
1090 865 1224 926 sibilium
1254 871 1284 925 et
1306 865 1520 942 spiritualium,
1538 865 1687 927 ueletiam
1713 881 1815 927 rerum
1833 871 1974 944 praete·

192 951 385 1030 31333321.
402 952 603 1028 33331311333
627 950 819 1012 traditionem
845 963 916 1010 esse
944 944 1043 1006 dicit.
1090 947 1225 1021 ritarum,
1242 963 1321 1024 3333
1336 949 1518 1010 utilissimae
1542 953 1615 1009 sunt
1639 949 1676 1011 33
1697 947 1839 1010 31133133
1871 947 1972 1008 exei-

192 1051 289 1116 aquae
304 1035 578 1096 consecrationem.
595 1031 784 1110 Epiphanius
808 1033 926 1094 haeres.
944 1027 994 1089 30.
1016 1031 1046 1086 et
1090 1030 1226 1090 landum.
1243 1029 1361 1109 163331
1374 1032 1466 1092 31133
1479 1029 1622 1092 tollemus
1635 1028 1892 1110 baptismurrr,qui
1908 1045 1973 1090 se·

190 1115 469 1180 66333333133116,
486 1115 592 1194 3333.
607 1113 657 1181 21.
674 1115 828 1187 historiae,
846 1127 941 1190 33333
953 1110 1047 1171 irene·
1091 1114 1225 1174 oriudum
1241 1114 1411 1188 apostolum
1429 1114 1458 1174 in
1476 1113 1566 1190 33131.
1581 1113 1619 1175 33
1632 1113 1720 1177 Rom.
1737 1113 1971 1175 3633311331

190 1201 289 1264 313133
305 1199 520 1261 meminerunt·
542 1196 731 1276 Augustinus
747 1196 853 1257 homil.
871 1195 920 1258 21.
938 1210 974 1256 cx
990 1191 1046 1253 tib.
1090 1197 1401 1273 repraesentationem
1415 1195 1520 1258 mortis
1535 1200 1565 1258 et
1579 1196 1813 1259 resurrectionis
1828 1193 1970 1267 Christi,

192 1283 241 1345 36.
257 1283 463 1344 homiliarum.
479 1286 510 1342 et
523 1295 616 1342 serm.
634 1277 683 1339 111.
697 1281 735 1340 33
757 1279 884 1350 sanctis,
898 1283 929 1338 el
946 1276 999 1341 lib.
1015 1273 1047 1334 6.
1092 1284 1122 1338 31
1137 1285 1258 1339 nostrae
1276 1279 1367 1338 etiam
1385 1293 1440 1357 per
1456 1276 1621 1340 Christum.
1633 1277 1720 1341 6333
1740 1277 1830 1340 etiam
1854 1279 1972 1357 Augu·

190 1370 221 1427 ln
234 1365 387 1431 lulianum
402 1380 469 1441 cap.
486 1361 516 1424 8.
533 1361 628 1432 31311,
652 1377 760 1438 uquam
777 1361 865 1440 signo
891 1357 992 1422 erucis
1014 1355 1043 1416 io
1092 1359 1191 1422 slinus
1203 1361 1292 1438 33131.
1310 1359 1380 1422 tte.
1398 1361 1484 1422 dicit:
1502 1359 1691 1424 Christianos
1716 1360 1829 1424 diebus
1857 1360 1972 1422 domi·

190 1447 329 1510 Ecclesia
343 1445 530 1508 consecrari.
552 1443 636 1505 Adde
665 1442 830 1506 concilium
857 1449 1048 1504 nannetense
1093 1443 1184 1517 alcis,
1202 1448 1261 1503 eta
1278 1444 1390 1520 paseha
1408 1459 1507 1521 33333
1522 1443 1560 1505 33
1575 1441 1915 1520 3333333133313333
1931 1457 1972 1503 e-

191 1546 289 1592 canon
315 1529 346 1597 1.
374 1528 426 1592 ubi
439 1527 564 1608 jubetur
592 1526 753 1606 presbyter
767 1542 836 1588 cum
852 1532 993 1604 aegrotos
1010 1519 1045 1581 ri
1093 1539 1159 1587 rare
1175 1526 1293 1601 soiitos,
1312 1525 1348 1586 ad
1366 1525 1599 1606 significandum
1612 1540 1648 1588 33
1662 1525 1859 1589 caeremonia
1873 1524 1973 1588 chri·

191 1613 271 1687 silet,
289 1612 389 1691 primo
404 1623 571 1688 aspergere
584 1625 659 1690 aqua
686 1616 792 1672 sancta
822 1615 991 1688 aegrotum,
1019 1605 1049 1664 ei
1093 1609 1131 1670 sti
1146 1608 1416 1674 resurrectionem.

191 1697 294 1774 ipsum
310 1693 499 1755 cubiculum.
1136 1689 1331 1764 Secundo,ad
1350 1689 1555 1753 delectionem
1570 1689 1735 1754 venialium
1748 1693 1971 1770 peccalorum.

232 1779 291 1839 llcc
309 1775 421 1838 Caluini
437 1773 628 1853 obiectioncs
644 1773 757 1852 3113313
780 1774 911 1835 ualeant.
934 1773 978 1836 hd
992 1776 1051 1854 pri·
1095 1772 1140 1834 De
1154 1789 1213 1850 333
1229 1788 1263 1834 re
1275 1773 1343 1834 ride
1358 1789 1384 1834 s.
1401 1773 1546 1836 Thomam
1562 1771 1591 1835 3.
1607 1779 1686 1853 pert.
1709 1789 1763 1852 33.
1779 1771 1831 1835 81.
1849 1778 1909 1834 art.
1928 1771 1965 1836 3.

192 1876 274 1927 mam
289 1859 370 1933 dico,
388 1871 486 1937 33333
509 1857 644 1917 lustralis
672 1857 894 1918 institutionem
923 1873 984 1919 non
1002 1858 1051 1919 tri·
1096 1862 1125 1916 el
1138 1855 1361 1917 Dominicuma
1389 1855 1461 1918 Soio
1476 1854 1508 1917 in
1531 1854 1562 1918 1.
1578 1861 1658 1920 sent.
1674 1856 1747 1919 dist.
1765 1855 1813 1917 13.
1832 1871 1864 1931 3.
1881 1855 1914 1916 2.
1931 1859 1968 1917 31

192 1943 245 2004 bui
261 1940 455 2013 Alexandro,
478 1939 534 2000 sed
563 1940 721 2016 apostolis.
751 1939 922 2004 Alexandro
948 1947 1049 2003 autern
1096 1938 1270 2000 Gratianum
1286 1939 1479 2016 3331133313
1495 1938 1565 2000 dist·
1581 1937 1612 2000 3.
1628 1937 1667 2001 33
1679 1937 1973 2015 consecratioque

194 2025 287 2092 tribui
302 2029 513 2103 praeceptum,
538 2025 570 2082 ut
586 2023 663 2082 baec
687 2022 879 2084 caeremonia
906 2023 1049 2101 trequen-
1097 2026 1308 2101 argumentum
1318 2020 1466 2084 lleshusii
1478 2020 1722 2084 cunctationem
1735 2021 1865 2100 sanguis
1881 2019 1974 2082 Chri-

194 2113 285 2169 tetur.
1097 2104 1136 2166 sti
1153 2103 1299 2164 emundat
1315 2104 1352 2164 ob
1369 2105 1451 2165 omni
1466 2108 1606 2184 peceato,
1623 2103 1678 2167 sed
1704 2104 1730 2166 si
1753 2104 1973 2181 aliquomodo

234 2189 275 2250 hd
292 2185 458 2251 secundam
475 2185 566 2248 dico:
597 2185 795 2265 Augustinum
822 2202 883 2248 nun
910 2187 1054 2254 damnare
1098 2185 1189 2249 nobis
1203 2187 1384 2264 applicetur.
1400 2186 1436 2247 Et
1450 2186 1707 2266 quemadmodum
1723 2185 1897 2266 applicatur
1913 2199 1972 2262 per

193 2269 419 2334 caeremoniam
431 2269 623 2332 lavandorum
640 2269 822 2346 pedum,sed
836 2269 934 2331 solum
948 2287 1055 2335 recen·
1098 2269 1283 2347 baptismum
1300 2274 1330 2330 et
1342 2269 1548 2348 poenitentiae
1563 2268 1840 2341 sacramentum,ad
1857 2267 1972 2329 delen·

198 2369 269 2416 sere
285 2353 382 2414 sarias
397 2351 573 2431 opiniones.
589 2350 651 2413 633
666 2351 740 2412 31311
760 2353 949 2433 Augustinus
976 2355 1056 2417 ullos
1102 2353 1139 2414 33
1154 2351 1254 2413 omnia
1272 2358 1408 2429 peceato:
1428 2353 1467 2414 ila
1482 2351 1572 2414 eliam
1598 2351 1769 2430 applicatur
1792 2365 1851 2430 per
1865 2365 1971 2412 sacra·

197 2438 293 2498 luisse
312 2434 425 2514 quibus
450 2434 633 2512 simpliciter
657 2431 849 2512 displiceret
864 2439 1056 2500 caeremonia
1101 2434 1245 2496 menluiia
1264 2440 1294 2495 et
1309 2435 1478 2496 orationem
1495 2433 1690 2510 dominicam,
1715 2435 1752 2496 ad
1765 2433 1902 2496 delenda
1918 2447 1971 2494 rc·

200 2517 322 2580 lotionis
338 2518 463 2596 pedum.
480 2517 535 2579 sed
549 2517 649 2578 solum
664 2515 759 2579 luisse
784 2518 914 2595 aliquos,
944 2520 1057 2598 quibus
1104 2516 1195 2578 nialia
1211 2516 1242 2576 iu
1260 2516 1361 2596 33331
1380 2516 1472 2578 33113
1488 2515 1596 2596 gratia.

198 2601 378 2680 displiceret
391 2599 482 2661 lauari
499 2599 595 2677 pedes
610 2600 840 2664 catechumenis
855 2601 885 2660 in
912 2601 961 2664 die
988 2617 1056 2665 coe·
1140 2597 1252 2670 terlio,
1269 2599 1305 2660 33
1322 2599 1473 2677 lugendos
1488 2597 1866 2671 daemones,etcurandos
1887 2611 1972 2658 mor·

198 2699 257 2744 nae
273 2679 405 2753 bomini,
423 2697 462 2743 ne
477 2681 630 2743 rideretur
653 2682 705 2743 illa
731 2681 804 2743 lotlo
819 2683 856 2744 33
870 2683 1057 2762 baptismum
1101 2681 1169 2758 bos,
1186 2687 1220 2744 ut
1234 2697 1272 2742 33
1293 2682 1436 2760 precibus
1466 2688 1558 2760 patet,
1587 2682 1701 2761 quibus
1730 2686 1969 2744 consecrantur.

199 2765 384 2828 necessaria.
398 2762 483 2827 Unde
496 2763 612 2826 ibidem
626 2763 818 2837 dicit,mullis
833 2764 986 2846 placuisse
1001 2767 1056 2829 dii·
1101 2764 1212 2827 Verum
1228 2768 1401 2835 esttamen,
1418 2764 1500 2844 3333
1517 2780 1578 2828 333
1601 2769 1769 2843 operentur
1794 2761 1972 2824 infallibili·

198 2847 354 2910 terendam
369 2846 520 2908 lotionem
535 2846 566 2907 in
582 2855 722 2908 octavum
749 2848 831 2909 diem
856 2849 1001 2924 pascham
1028 2855 1059 2911 et
1100 2852 1158 2918 ter,
1174 2847 1254 2911 sicut
1267 2852 1431 2924 operentur
1444 2851 1645 2924 sacramente
1661 2853 1692 2909 31
1719 2847 1796 2910 ratio
1821 2849 1880 2919 est,
1899 2853 1967 2904 lum

198 2929 378 2994 Ambrosius
392 2928 448 2990 lib.
465 2929 495 2992 3.
509 2928 548 2990 33
564 2929 764 2992 sacramentis
790 2947 857 3011 cup.
876 2933 905 2993 1.
922 2932 1059 2996 33133311
1101 2932 1172 3010 3313
1187 2931 1246 2992 rim
1272 2929 1387 2992 habent
1411 2928 1564 3010 eiusmodi
1593 2945 1643 2992 res
1659 2945 1720 2993 nou
1735 2945 1773 2992 ex
1800 2933 1891 3008 paeto
1909 2925 1974 2988 Dei

200 3011 423 3076 caeremoniam
440 3011 564 3073 lotionis
578 3011 705 3090 peddm.
1103 3027 1261 3092 expresso,
1279 3010 1433 3091 quomodo
1461 3018 1663 3085 sacramente,
1687 3011 1742 3074 sed
1758 3027 1794 3073 ex
1821 3009 1972 3090 precibus

240 3095 283 3156 ho
300 3092 420 3157 tertiam
435 3094 516 3156 dico:
531 3094 587 3154 Per
601 3111 709 3172 33333
725 3093 916 3158 benedictam
933 3113 995 3159 nou
1011 3113 1058 3161 re·
1103 3093 1273 3170 Ecclesiae,
1290 3093 1494 3158 etderotioua
1509 3093 1671 3171 utentium3
1686 3100 1749 3155 tum
1775 3093 1879 3162 ctiam,
1898 3091 1973 3168 3313

199 3177 261 3254 3311
275 3175 474 3254 baptismum.
490 3174 688 3238 Dillertenim
710 3175 880 3256 baptismus
902 3178 940 3240 ab
956 3196 1058 3258 asper·
1106 3177 1271 3257 311333333
1299 3193 1361 3240 333
1386 3176 1509 3256 expedit
1531 3177 1621 3240 nobis
1648 3183 1683 3242 ut
1707 3173 1976 3240 liberemurrela

202 3261 290 3322 sicne
305 3273 402 3336 equae
416 3263 552 3331 sanetae,
566 3255 672 3333 torma,
690 3258 848 3332 ministro,
864 3263 1035 3324 intentione
1051 3309 1059 3340 ,
1098 3262 1228 3334 morbo,
1243 3260 1292 3326 rei
1307 3277 1322 3321 a
1339 3261 1499 3322 daemonis
1513 3259 1683 3322 vexatione.

203 3349 234 3404 et
248 3339 371 3416 3113313,
394 3346 428 3400 31
450 3345 544 3419 33131.
560 3339 748 3420 Quemquam
765 3357 825 3404 non
842 3345 989 3424 negarim,
1008 3359 1063 3423 per
1149 3342 1297 3408 Probatur
1309 3359 1394 3406 nuno
1409 3341 1587 3421 propositio,
1603 3342 1703 3421 quoad
1727 3341 1818 3403 istum
1847 3337 1976 3400 tertium

204 3439 312 3503 33333
328 3421 522 3486 benedictam
537 3423 675 3485 retricari
694 3425 872 3490 memoriam
897 3425 1061 3507 baptismi,
1109 3425 1264 3498 ellectum,
1281 3426 1432 3505 exemplis
1448 3424 1620 3504 scripturae
1636 3430 1667 3486 31
1693 3430 1882 3486 sauctorum.
1896 3419 1977 3482 liam

204 3505 828 3586 3133333331633131133333133311331,
845 3523 879 3571 33
896 3507 1063 3588 311333333
1109 3509 1231 3574 63333.
1248 3510 1280 3573 3.
1296 3524 1405 3588 33333,
1432 3523 1527 3587 super
1540 3524 1618 3586 3333
1635 3503 1903 3568 33133131133333
1921 3519 1974 3564 sa·

204 3603 261 3668 per
275 3603 383 3665 aquam
399 3593 544 3667 purgatos
559 3587 656 3650 luisse
674 3636 683 3663 ,
709 3596 739 3650 et
768 3596 888 3669 pactum
915 3609 984 3654 333
1000 3591 1064 3656 Deo
1109 3591 1233 3654 cerdote
1248 3591 1467 3673 pronunciatus
1481 3589 1639 3663 tuerent‚si
1653 3589 1692 3652 ab
1706 3587 1841 3650 adultera
1859 3593 1975 3665 epotas

207 3677 313 3733 contra
328 3669 483 3732 diabolum
499 3670 619 3732 iniisse.
1110 3673 1326 3748 luissent,mox
1340 3676 1475 3736 ventrem
1491 3671 1560 3752 ejus
1573 3671 1684 3746 inituri,
1700 3675 1732 3733 et
1745 3671 1844 3733 lemur
1864 3673 1972 3747 putre-

244 3751 519 3814 bebenedictione
541 3753 602 3814 olei
630 3752 780 3816 hahemus
809 3755 980 3818 testimonia
997 3757 1064 3820 613·
1109 3755 1385 3832 iacerelaciebent3
1401 3772 1458 3818 nec
1472 3761 1574 3817 13333
1597 3757 1655 3817 ista
1671 3753 1879 3816 neeromantia
1905 3750 1971 3812 dici

205 3834 330 3906 mentis,
346 3835 482 3915 Dionysii
511 3839 540 3896 et
555 3834 669 3910 Basilii,
687 3836 740 3898 ubi
754 3853 861 3916 supra,
882 3845 911 3900 et
926 3840 1066 3920 Augusti·
1111 3844 1239 3918 poterat.
1255 3840 1344 3903 Num.
1361 3839 1412 3901 18.
1428 3855 1505 3918 3333
1521 3837 1677 3900 cineribus
1693 3838 1782 3898 mixtu
1808 3833 1974 3896 dicebatur

207 3918 237 3978 ui
253 3922 338 3978 tract.
357 3915 427 3978 118.
444 3915 576 3979 131333.
1111 3924 1396 4002 333333313113313,
1413 3935 1510 4000 eaque
1535 3920 1762 3984 mundabantur
1784 3916 1893 3980 ludaei
1908 3931 1973 3976 uon

246 3999 290 4060 De
307 3999 523 4062 benedictione
539 3999 627 4078 33313
643 4007 725 4062 extra
742 4001 1067 4079 cucharistiambabe·
1112 4004 1267 4083 3313333
1283 4004 1429 4085 33333113,
1445 4003 1529 4065 3333
1546 4003 1697 4082 legalibus
1711 4000 1869 4074 sordibus,
1896 4009 1930 4058 ιιι
1942 4013 1974 4056 a-

207 4097 276 4146 tuus
292 4082 497 4144 testimonium
510 4080 668 4161 augustini
684 4083 739 4145 lib.
755 4084 786 4150 2.
802 4084 842 4146 33
864 4093 980 4164 333331.
1004 4103 1067 4150 me·
1111 4085 1566 4166 3331313331311636ι.6.633
1591 4084 1695 4148 dicere
1721 4097 1887 4162 possumus
1903 4096 1974 4142 eum

206 4167 257 4226 rit.
274 4179 341 4258 333.
358 4163 409 4226 26.
424 4171 453 4225 31
467 4164 584 4226 Paulini
607 4164 747 4243 1333131.
763 4165 799 4228 ad
816 4166 950 4247 hlipium
966 4176 997 4232 31
1010 4170 1068 4232 Ro-
1112 4169 1207 4233 luisse
1222 4173 1470 4234 incantationem.
1488 4167 1633 4230 Similiter
1643 4167 1675 4228 1.
1703 4165 1832 4244 Regum.
1862 4165 1895 4225 2.
1913 4162 1974 4224 116-

208 4261 395 4340 3333333,
412 4261 490 4324 3333
505 4245 642 4310 333133.
656 4247 834 4311 3131113133
848 4250 994 4330 epistolas
1010 4253 1068 4316 hu·
1113 4268 1204 4315 saeus
1219 4256 1256 4314 ad
1271 4253 1425 4319 sanandas
1438 4267 1534 4331 33333
1549 4250 1697 4314 miraculo
1711 4247 1851 4310 adhibuit
1861 4247 1973 4306 salem.

210 4336 335 4408 guslrnr.
1114 4333 1196 4397 1111.
1213 4335 1328 4414 Regum
1353 4334 1384 4396 3.
1400 4333 1438 4394 33
1453 4332 1617 4395 uurundam
1630 4335 1746 4410 iepram
1762 4329 1892 4391 633333
1907 4329 1974 4406 Syri

250 4409 295 4471 De
309 4410 524 4475 benedictione
536 4412 618 4473 cerei
634 4411 800 4490 paschalis,
818 4415 970 4478 habemus
984 4419 1069 4481 testi·
1115 4418 1254 4482 adhibuit
1268 4433 1376 4496 33333
1389 4415 1542 4479 iordanis.
1559 4414 1650 4478 itare.
1666 4415 1697 4474 6.
1713 4413 1875 4493 ungebant
1900 4427 1972 4490 333

211 4494 349 4554 333133
365 4493 522 4556 Strabonis
537 4511 605 4573 333.
623 4492 673 4556 36.
691 4503 722 4558 31
738 4498 861 4559 33331111
879 4497 928 4560 ltl.
944 4501 1069 4564 toletani
1115 4501 1185 4562 stoli
1201 4517 1309 4580 aegros
1324 4501 1439 4575 oleo,et
1452 4499 1646 4561 curabantur.
1661 4495 1745 4560 11333
1759 4494 1901 4573 exempla
1927 4509 1975 4554 sa·

211 4591 310 4668 Ι33333
324 4573 354 4636 8.
372 4581 402 4638 31
418 4593 514 4656 33333
530 4577 655 4651 zozimi,
675 4583 706 4638 ut
732 4595 769 4644 cs
784 4579 949 4656 pontificali
973 4588 1067 4660 patet,
1113 4585 1152 4643 lis
1167 4585 1344 4656 ostendunt,
1361 4598 1422 4644 non
1437 4597 1507 4643 esse
1523 4581 1771 4652 necromantiam,
1780 4577 1931 4638 adhibere
1945 4591 1974 4634 a·

210 4657 302 4732 13331,
317 4675 353 4720 cr
368 4658 446 4720 libro
457 4659 496 4722 de
512 4660 646 4720 romanis
660 4659 923 4740 3336631333331
940 4665 1070 4728 habetur
1114 4683 1203 4744 3333
1221 4667 1266 4728 ret
1282 4666 1396 4736 oleum,
1426 4664 1464 4726 36
1476 4661 1605 4726 31133133
1619 4661 1882 4742 supernaturales,
1901 4664 1975 4718 tam·

211 4739 243 4800 in
259 4740 349 4802 tornis
364 4743 575 4803 conciliorum.
592 4741 721 4822 Scripsit
736 4746 826 4804 oliam
852 4745 890 4808 33
912 4761 1002 4810 cereo
1017 4766 1069 4827 33.
1115 4763 1206 4828 quam
1221 4750 1307 4828 signa
1322 4747 1441 4810 divinae
1456 4746 1585 4808 virtutis.
1608 4749 1612 4756 ’

210 4822 308 4884 schaii
326 4839 446 4885 cannen
463 4823 586 4903 insigne
600 4821 796 4889 Prudentius.
1156 4831 1310 4903 Secundo,
1326 4829 1470 4909 probatur
1484 4827 1634 4906 exemplis
1647 4826 1781 4889 Patrem.
1798 4825 1869 4886 iiam
1893 4823 1977 4900 apud

253 4904 523 4968 bebenedictione
548 4905 715 4984 palmarum
742 4909 945 4985 etcinerem,
976 4912 1069 4976 habe-
1115 4911 1456 4992 Epiphaniumheeres.
1485 4909 1678 4986 36133333
1707 4925 1785 4982 3333
1812 4907 1977 4969 benedicta

210 5003 279 5082 mus
295 4989 501 5052 testimonium
516 4989 546 5049 b.
560 4989 783 5072 Maximi,cojus
794 4999 913 5056 exstant
926 4995 1069 5060 homiliae
1116 4996 1206 5058 solvit
1219 4995 1452 5058 incantationes.
1468 4993 1613 5058 Similiter
1627 4992 1699 5054 13311
1712 4989 1873 5053 Marcellus
1898 4988 1976 5068 ltpa-

209 5073 375 5151 mscriplae
391 5073 421 5135 io
438 5072 487 5132 313
499 5072 650 5146 cinerum,
680 5079 710 5134 et
734 5075 765 5135 iu
782 5073 936 5138 dominico
956 5079 1069 5154 pulma-
1115 5079 1252 5141 meensis
1267 5078 1346 5157 apud
1362 5077 1587 5139 Theodorolum
1616 5075 1671 5137 lib.
1687 5074 1720 5135 3.
1742 5089 1811 5152 333.
1828 5073 1882 5132 21.
1899 5072 1977 5133 ilem

209 5165 288 5213 ruffi·
1116 5161 1283 5224 llaeharius
1297 5159 1377 5239 3333
1393 5158 1558 5220 Palladium
1573 5174 1642 5235 333.
1660 5156 1710 5218 le.
1724 5156 1818 5218 Porro
1840 5153 1977 5216 Hilarion

250 5231 390 5298 Secunda
406 5233 585 5315 propositio:
603 5235 693 5299 113313
708 5239 753 5300 33
764 5237 890 5319 anbelos
912 5256 1070 5321 superno·
1116 5244 1196 5322 apud
1214 5243 1429 5322 hieronymum
1445 5257 1524 5320 pane
1540 5242 1586 5302 rel
1599 5242 1668 5302 oleo
1696 5239 1859 5300 benedicto
1884 5239 1976 5315 pluri·

211 5317 331 5378 locutae
344 5317 526 5397 efficiendos
542 5323 571 5379 el
583 5318 815 5396 significandos
829 5325 954 5386 utimur
968 5341 1068 5406 3333,
1117 5343 1182 5387 ruos
1198 5327 1323 5388 curarit.
1340 5325 1426 5386 Siout
1439 5326 1530 5392 etium
1545 5341 1571 5385 s.
1602 5321 1790 5386 bernardus.
1821 5327 1854 5381 ut
1870 5321 1975 5381 inrita

210 5395 554 5478 circumcurrens
566 5399 785 5467 bencdictione
800 5410 1004 5472 coruscantis.
1116 5409 1185 5489 eJ‘us
1200 5410 1345 5470 scribitur
1358 5406 1413 5469 lib.
1430 5406 1461 5468 3.
1477 5425 1545 5481 cap.
1561 5405 1591 5468 3.
1609 5405 1775 5484 Gregorius
1790 5404 1844 5464 tio.
1861 5403 1894 5463 1.
1911 5405 1976 5462 dia·

254 5479 337 5574 iinta,
353 5481 493 5546 benedici
511 5483 561 5544 ilia
577 5487 689 5557 omnia,
706 5503 785 5565 3333
807 5489 949 5560 diximus,
965 5491 994 5551 iu
1013 5491 1064 5552 Ec·
1112 5491 1173 5570 log.
1191 5509 1258 5570 cup.
1276 5490 1325 5552 10.
1343 5490 1491 5562 sosibius.
1508 5489 1704 5550 6331333133]
1719 5499 1846 5548 curasse
1867 5502 1975 5564 quem·

211 5565 305 5627 olesrn
320 5569 445 5642 propter
461 5573 522 5654 tres
535 5566 624 5629 lines.
639 5567 749 5644 Primo,
777 5571 815 5631 ad
845 5571 1064 5651 significandos
1110 5573 1191 5646 darn,
1208 5575 1259 5650 331
1276 5575 1390 5636 333333
1406 5587 1442 5634 33
1458 5588 1560 5650 3333,
1585 5571 1683 5632 lemur
1707 5569 1912 5647 eouiregeral,
1930 5586 1976 5629 se·

210 5644 384 5730 spirituales
400 5644 615 5720 3113333633
630 5651 743 5724 cineris
759 5654 897 5734 aspersio
911 5654 1064 5734 significat
1111 5656 1171 5719 lius
1187 5672 1285 5746 aquae
1300 5655 1484 5726 benedictae
1499 5653 1693 5734 aspersione.
1709 5651 1861 5728 11333611.
1881 5650 1912 5722 3.
1929 5651 1974 5714 hi·
