4098 6294
840 391 935 452 tlllblt
955 385 1077 453 tittlltds
1710 399 1758 459 881

11 527 12 530 ’
77 529 256 604 tollendam,
271 521 459 607 seddobera
474 525 669 606 applicarint
682 527 722 590 sit
736 523 931 602 efllcaxalio·
975 533 1154 604 amum,hon
1168 529 1351 610 relinquitur
1365 529 1443 596 alius
1457 519 1702 613 oapusnaqsao
1718 535 1833 616 pabeh·

11 621 12 632 ¹
78 616 134 696 qai
145 625 253 678 omues
267 609 412 672 homines
427 611 629 674 salvarentur.
976 628 1026 684 na,
1042 614 1068 674 si
1085 617 1206 690 praefer
1219 612 1406 692 baptismum
1421 623 1493 680 sant
1506 617 1565 680 alia
1581 619 1729 694 remedia,
1741 624 1774 681 ut
1785 634 1835 681 re·

11 703 12 714 ¹
117 697 210 760 Porro
235 689 399 773 applicatio
414 691 456 772 ¹lll
471 707 527 771 per
540 699 626 756 aetus
650 695 772 755 nostros
788 695 819 754 et
832 706 932 754 soora·
976 711 1045 756 aera
1062 700 1144 756 sunt.

77 785 192 844 menta.
207 775 310 840 Voluit
334 781 436 838 autem
450 775 532 838 fleus
544 781 577 836 ut
592 781 662 854 post
675 775 862 853 baptismum
878 787 933 852 per
1018 777 1146 856 Oportet
1160 791 1234 858 ergo
1248 776 1364 855 dicere,
1380 775 1542 844 hiantum
1559 797 1614 860 per
1628 782 1731 860 iaham
1746 782 1835 846 intel·

11 911 12 930 .
77 861 292 927 contritionem
308 863 338 920 et
352 857 666 924 confessionemcum
681 857 873 920 absolutione
885 871 932 917 sa·
976 859 1073 940 ligere
1089 862 1194 940 iguem
1209 860 1238 921 iu
1254 875 1390 940 perere,
1408 867 1473 926 sire
1489 865 1669 944 gehenuae,
1685 865 1750 929 sira
1765 881 1836 944 pur·

77 943 227 1018 candolis,
243 940 414 1022 applicetur
428 939 570 1002 meritum
586 938 697 1003 Christi
713 941 750 1002 ad
765 940 932 1003 tollendam
977 942 1096 1020 paterii,
1113 943 1152 1004 ita
1168 947 1201 1005 ut
1217 942 1266 1003 hio
1281 941 1321 1005 sil
1335 960 1460 1024 sensus3
1478 945 1617 1010 Peccanti
1636 955 1704 1026 post
1719 947 1834 1027 baptis·

77 1030 221 1106 colpam,
239 1041 294 1104 per
309 1040 402 1102 opera
426 1029 526 1085 autem
547 1023 747 1086 satisfactoria
764 1023 935 1102 applicetur
979 1041 1083 1099 marn,
1101 1040 1162 1086 non
1178 1024 1361 1104 relinquitur
1375 1026 1453 1090 alius
1466 1027 1648 1107 baptismus,
1667 1043 1767 1111 neque
1783 1030 1840 1092 ali·

76 1112 112 1174 ud
128 1109 296 1174 tollendam
312 1122 441 1186 poenam
455 1105 671 1184 temporalem
687 1121 755 1166 nam
772 1121 870 1184 poena
885 1119 935 1167 ae⁴
978 1108 1060 1187 qaod
1076 1105 1246 1170 remedium
1262 1109 1482 1187 aequivalens,
1499 1111 1602 1186 idest,
1620 1128 1718 1192 aeque
1733 1112 1837 1182 facile,

75 1201 163 1256 terna
179 1195 382 1255 commutatur
397 1189 427 1250 in
442 1188 654 1266 temporalem,
665 1189 794 1268 quando
811 1186 935 1248 remitti·
980 1191 1061 1268 qnod
1077 1206 1147 1251 mox
1162 1190 1272 1252 libaret
1292 1192 1330 1254 ab
1346 1193 1428 1254 omni
1444 1209 1567 1272 poena;
1585 1195 1641 1257 sed
1657 1195 1841 1274 relinquitur

75 1282 124 1341 tur
139 1274 244 1353 culpa3
260 1273 329 1353 quia
344 1287 416 1335 cum
431 1272 594 1334 remittitur
608 1270 851 1349 calpa,rodditur
863 1269 936 1330 ami*
982 1274 1062 1350 rpnis
1078 1273 1265 1346 necessario,
1284 1280 1335 1334 aut
1349 1282 1529 1355 perpetuus,
1547 1275 1573 1338 si
1586 1274 1677 1341 homo
1690 1293 1753 1339 non
1769 1293 1843 1338 eon·

75 1359 157 1430 citio,
169 1363 200 1421 et
214 1355 302 1418 datur
317 1357 545 1431 consequenter
555 1353 608 1433 jus
623 1352 661 1416 ad
676 1353 856 1432 gloriamac
869 1367 937 1430 pro·
982 1361 1135 1425 uertatur,
1151 1360 1203 1416 aot
1227 1358 1426 1432 temporalis,
1447 1359 1473 1420 si
1499 1359 1715 1434 concertatur,
1731 1358 1784 1438 qni
1800 1365 1843 1420 tas

75 1440 226 1504 iudanon
243 1438 335 1500 debet
349 1436 450 1517 puniri
467 1438 498 1496 in
513 1445 689 1508 aeternum,
706 1435 776 1512 quia
792 1450 831 1498 co
847 1433 937 1496 modo
982 1453 1054 1500 men
1070 1437 1151 1516 ignis
1168 1438 1346 1517 temporalis
1362 1441 1528 1519 parqatorii
1544 1441 1601 1504 erit
1616 1441 1648 1502 in
1664 1442 1724 1504 alic
1738 1457 1845 1504 saecu*

77 1538 244 1601 numquam
260 1521 297 1582 ad
313 1521 440 1598 glorium
456 1519 642 1596 perueniret,
660 1526 690 1579 et
705 1524 805 1580 tamen
820 1517 937 1596 justitia
983 1522 1024 1589 lo,
1041 1520 1101 1581 nisi
1117 1517 1291 1582 afflictionis
1306 1521 1387 1600 ipnis
1403 1522 1569 1585 voluntarie
1583 1530 1761 1604 assumptus
1775 1540 1846 1602 pur-¹

77 1605 192 1685 exigit:
208 1609 242 1665 ut
257 1609 416 1681 peecatum
443 1602 586 1678 puniatur
608 1602 710 1680 aliquo
737 1600 829 1662 modo
843 1645 851 1671 ,
867 1598 938 1660 ideo
982 1602 1096 1683 qaaerit
1113 1601 1269 1664 hominem
1285 1603 1314 1664 in
1332 1604 1390 1666 bac
1405 1605 1474 1680 rita,
1485 1611 1516 1667 et
1532 1606 1609 1669 hoco
1625 1611 1673 1669 ast
1687 1623 1778 1688 quam
1794 1622 1844 1668 ru·

76 1692 212 1750 mutatur
226 1691 475 1765 paenaaetarna
490 1685 522 1746 ia
538 1685 736 1762 temporalem
754 1683 815 1756 ,de
830 1699 889 1759 qua
905 1695 939 1742 re
985 1700 1092 1748 eamus
1107 1684 1358 1747 satisfactionem.

78 1772 194 1833 dietum
210 1773 259 1832 est
272 1767 389 1846 aliquid
405 1783 509 1846 supra,
525 1772 557 1831 et
572 1769 658 1846 plura
674 1767 816 1831 dicentur
831 1767 863 1826 in
878 1763 939 1825 dis·
1026 1767 1110 1828 idern
1127 1773 1208 1846 patet
1224 1785 1260 1828 ox
1272 1768 1476 1850 Patribusqoi
1490 1775 1651 1849 propterca
1664 1771 1848 1850 baptismam

11 1853 12 1864 ¹
78 1851 251 1934 putatione,
268 1849 307 1912 de
324 1849 543 1912 satisfactione.
985 1865 1083 1928 aquae
1098 1857 1205 1911 aoeant
1219 1850 1405 1928 baptismum
1420 1852 1552 1926 facilem,
1562 1861 1592 1915 at
1606 1860 1785 1932 comparant
1796 1869 1848 1914 naa

119 1934 262 1999 Secunda
277 1932 395 1994 ratione
409 1950 418 2006 3
435 1932 469 1995 ln
486 1932 638 2009 baptismo
662 1931 825 1996 remittitur
839 1926 941 1990 omnis
985 1932 1025 2004 ai,
1043 1948 1101 2012 qua
1118 1932 1208 1994 facile
1223 1932 1414 2013 trajiciuntur
1426 1934 1564 2014 flumina3
1581 1938 1616 1998 lt
1630 1936 1849 2013 poenitentiam

11 2039 12 2044 ¹
79 2019 172 2098 culpa
194 2021 225 2078 et
239 2031 353 2094 poena3
368 2016 423 2079 sed
440 2015 627 2095 poenitentia
644 2021 692 2078 est
705 2013 855 2093 quaedam
867 2011 941 2104 bap·
986 2020 1095 2078 coeant
1109 2015 1292 2092 baptismum
1309 2016 1753 2098 laboriosnmlachrymarunt,
1768 2018 1851 2100 ignia

11 2173 12 2176 Ἴ
78 2101 163 2163 tismi
188 2099 460 2168 commemoratio,
487 2098 581 2160 immo
606 2103 654 2160 ost
678 2097 848 2176 baptismos
874 2108 941 2172 qut·
988 2098 1201 2160 etsecundam
1218 2099 1352 2160 tabulam
1368 2105 1438 2176 post
1453 2101 1657 2182 naufragium.

80 2183 152 2246 dam
166 2201 175 2258 i
191 2182 268 2242 nihil
284 2181 375 2260 igilur
398 2186 470 2261 post
485 2179 704 2260 poenitentiam
719 2181 858 2242 remanet
872 2190 942 2254 par·
1029 2179 1168 2258 Denique
1182 2181 1258 2242 ratio
1273 2182 1355 2243 idem
1370 2183 1563 2260 suadet3nam
1579 2190 1648 2263 post
1662 2182 1790 2263 primam
1806 2197 1854 2244 re*

11 2267 13 2280 '
80 2265 229 2345 pandam.
989 2261 1237 2324 conciliationem
1263 2264 1315 2342 qui
1333 2270 1560 2341 peccat,·tauto
1584 2266 1705 2342 gratius
1721 2272 1854 2344 peceat,

11 2355 12 2360 ’
122 2343 619 2426 Respondeutsisacramentum
639 2338 944 2424 poenitentiaeucui·
989 2350 1104 2423 quantu
1119 2349 1167 2406 est
1182 2345 1279 2424 magis
1295 2345 1443 2426 ingratas,
1463 2353 1493 2409 et
1506 2348 1606 2429 majus
1623 2349 1726 2409 lumen
1760 2353 1857 2408 etam

11 2433 12 2444 ¹
79 2429 184 2511 piatur
198 2428 349 2490 catholice
378 2435 409 2490 et
423 2428 556 2504 integre,
573 2425 944 2504 utcomprehcuditeou·
987 2428 1095 2490 ailiam
1123 2427 1240 2489 babuit.
1258 2428 1333 2490 Vide
1349 2428 1528 2510 (tragurium
1553 2431 1773 2493 nazianzenum
1788 2445 1854 2491 ora3

78 2513 251 2585 tritionem,
270 2509 539 2573 confessionemet
553 2509 806 2577 satisfactionem,
820 2508 944 2584 plenam
989 2513 1073 2572 tione
1089 2509 1118 2571 in
1135 2515 1240 2570 sancta
1257 2510 1420 2587 loutinn,et
1434 2513 1659 2576 theodoretum
1676 2513 1706 2574 in
1723 2511 1858 2592 epitome

11 2667 12 2672 .
79 2603 112 2658 et
126 2595 189 2676 jana
207 2592 375 2672 perfectam
390 2637 398 2665 ,
413 2599 515 2673 potest
529 2593 644 2656 admitti
671 2598 768 2654 totum
784 2604 944 2670 arqumon·
990 2594 1162 2657 diuinorum
1178 2595 1385 2667 decretorum,
1403 2594 1504 2674 eapite
1520 2595 1737 2675 penultimo,et
1751 2595 1858 2657 banaa

78 2687 148 2740 tum
163 2696 172 2752 ;
188 2679 215 2737 si
232 2681 334 2736 aulem
350 2676 518 2753 accipiatur
532 2677 664 2754 prosola
680 2674 874 2737 absolutione
888 2716 896 2744 ,
915 2670 946 2732 iu
991 2691 1120 2750 saeuum
1138 2674 1192 2736 lib.
1209 2673 1240 2735 l.
1258 2693 1326 2753 cap.
1346 2675 1395 2738 lo.

78 2777 145 2840 qua
160 2759 325 2838 praecipue
338 2765 565 2821 sacramentum
578 2759 862 2834 consistitnegatur
874 2768 946 2815 oon·
1031 2755 1130 2819 Tertia
1146 2758 1233 2834 rati03
1251 2757 1360 2821 Christi
1377 2761 1475 2822 honor
1490 2759 1582 2822 dehet
1597 2758 1734 2822 illibatus
1749 2772 1854 2821 maae-

78 2841 247 2921 sequentia
262 2857 271 2899 ι
289 2837 362 2901 liam
380 2841 543 2904 marianum
560 2841 728 2904 discrimen
744 2847 792 2901 est
807 2840 886 2898 inter
900 2851 947 2896 sa·
990 2857 1036 2910 re,
1053 2840 1121 2918 ipse
1136 2839 1219 2901 enim
1235 2841 1321 2903 sulus
1336 2848 1384 2903 est
1398 2843 1541 2922 liberator
1568 2849 1598 2904 et
1612 2842 1788 2920 redemptor
1804 2857 1858 2902 no·

79 2929 277 2989 crumentum
292 2921 458 2984 ablutionis
482 2929 512 2986 et
541 2929 766 2986 sacramentam
782 2918 947 2982 ahsolutio-
992 2930 1067 2986 ster.
1084 2921 1121 2984 tt
1145 2921 1172 2983 si
1194 2938 1252 2985 nus
1277 2923 1505 2999 satisfacimus,
1520 2925 1583 3005 jam
1608 2923 1772 2998 dividimus
1789 2931 1858 2986 com

11 3025 12 3072 Τ
79 3005 242 3086 alsacios
257 3003 408 3083 ignoratio
422 3021 530 3068 caussa
547 3013 595 3068 est
609 3005 747 3068 omnium
758 3015 896 3064 errorum
908 2999 948 3062 de
992 3003 1113 3068 Christo
1129 3005 1297 3082 honorem3
1314 3022 1422 3069 sumus
1439 3007 1521 3070 enim
1537 3013 1567 3070 ct
1581 3021 1639 3070 nos
1654 3023 1691 3068 ex
1705 3014 1790 3085 parte
1806 3007 1860 3066 ali·

80 3088 307 3160 satisfactione,
324 3087 363 3148 de
377 3086 526 3165 claribus,
542 3087 581 3152 de
599 3084 813 3166 indulgentiis,
827 3083 866 3146 de
877 3099 948 3162 pur·
992 3088 1554 3168 quaredemptoresnostrl,nectolam
1568 3090 1697 3151 salntem
1711 3085 1857 3167 nostram,

11 3187 12 3190 ¹
82 3172 215 3252 galerio.
992 3170 1048 3234 sed
1065 3170 1165 3231 solam
1182 3175 1299 3249 partem
1318 3170 1437 3234 Christo
1453 3171 1651 3234 debebimus.

129 3253 263 3315 bicimos
289 3265 384 3330 ergo,
402 3247 433 3314 in
449 3258 642 3316 sacramento
670 3247 835 3330 baptismi,
852 3248 948 3310 licum
996 3305 1000 3312 .
1033 3252 1232 3331 llespondeo:
1249 3253 1279 3315 Si
1296 3253 1335 3328 de
1354 3251 1456 3316 serbis
1470 3254 1586 3331 apitua,
1603 3254 1757 3332 Scriptura
1773 3267 1862 3330 aper·-

81 3335 306 3400 liberalissime
322 3349 436 3413 agere,
454 3341 484 3398 et
498 3331 653 3418 “applicare
678 3333 789 3396 Christi
808 3330 948 3393 meritam
993 3341 1023 3398 tu
1039 3334 1113 3396 dicit
1138 3335 1257 3399 llaniel.
1271 3337 1302 3398 i.
1319 3335 1456 3399 Peecolo
1478 3343 1537 3399 too
1551 3335 1760 3418 eleemosynis
1774 3337 1860 3399 radi*

79 3435 144 3500 per
159 3433 250 3480 unam
267 3417 350 3476 illam
366 3417 517 3480 actionem
543 3417 771 3489 absolutionis,
787 3413 949 3476 adtollan·
992 3434 1055 3480 rua.
1068 3415 1110 3478 vlit
1133 3417 1246 3497 Philip.
1264 3419 1295 3480 b.
1313 3419 1392 3482 Cum
1417 3424 1505 3483 metu
1521 3425 1550 3482 ct
1572 3419 1709 3483 tremore
1722 3419 1862 3481 saltatorii

83 3505 158 3564 daut
174 3515 296 3563 omnem
322 3500 444 3577 culpam
460 3506 491 3562 et
512 3516 643 3580 poenam
669 3499 762 3562 futuri
777 3496 908 3567 saeculi,
925 3493 950 3555 i·
992 3507 1132 3563 uestram
1147 3503 1355 3578 operamini,
1377 3501 1430 3564 ubi
1445 3503 1547 3564 homo
1563 3506 1611 3564 sui
1628 3499 1726 3578 ipsias
1742 3502 1861 3563 radem-

11 3579 12 3612 ³
83 3587 170 3655 dest,
186 3591 246 3646 tam
261 3580 423 3660 gehenuae
438 3599 529 3659 quam
546 3581 730 3663 purgatorii:
748 3595 817 3642 uam
835 3591 950 3652 poenas
994 3589 1107 3660 ptor‘et
1121 3583 1252 3645 salrator
1278 3585 1470 3663 appellatur3
1489 3600 1547 3645 nec
1571 3588 1733 3663 propterea
1749 3581 1811 3645 ulia
1826 3581 1860 3644 ht

84 3664 273 3746 temporales
298 3663 485 3744 buiusaitee
512 3682 549 3728 ne
565 3666 737 3742 baptismus
759 3661 883 3741 quidem
899 3665 951 3721 au·
995 3663 1115 3726 Christo
1140 3665 1271 3744 injuria,
1299 3667 1453 3748 siquidem
1477 3671 1538 3729 tota
1563 3667 1659 3727 virtus
1684 3681 1812 3744 operum
1830 3672 1861 3727 ot

84 3751 160 3816 fert,
177 3753 211 3810 at
226 3751 307 3824 patet
321 3747 351 3807 in
370 3747 473 3824 pueris
489 3747 649 3834 baptizatis
678 3745 908 3824 aegrotantibus
923 3747 954 3804 et
996 3747 1213 3810 satisfactionis
1241 3756 1365 3812 nostrae
1386 3766 1402 3810 a
1425 3749 1535 3811 Christi
1558 3748 1708 3826 sanquine
1730 3741 1858 3826 pendet,

86 3831 307 3892 morientibus.
324 3828 361 3891 ht
377 3831 406 3890 in
424 3839 616 3904 sacramente
641 3827 845 3892 absolutionis·
859 3827 953 3888 heum
995 3836 1026 3891 et
1058 3831 1083 3892 si
1118 3829 1298 3894 redimimus
1329 3840 1476 3910 peccata,
1513 3831 1560 3893 rol
1594 3845 1759 3908 operamur
1780 3831 1859 3892 salu⁴

84 3913 270 3976 contrahere
296 3913 435 3974 nonnihil
459 3929 582 3976 manum
598 3909 654 3983 ·,'et
668 3911 822 3991 applicare
837 3907 949 3970 Christi
993 3919 1077 3984 tem,
1100 3911 1130 3972 id
1154 3912 1281 3974 facimus
1315 3914 1460 3992 parcius
1487 3914 1630 3992 spiritum
1652 3911 1742 3974 nohis
1764 3912 1856 3974 dona·

84 4001 230 4060 meritum
256 3993 293 4056 ad
311 3995 475 4058 tollendam
502 3999 622 4075 culpam
648 4003 679 4058 et
707 4009 836 4074 poenam
853 3997 949 4052 aeter·
994 4002 1079 4064 tum,
1097 3996 1142 4056 ref
1159 3994 1261 4075 potius
1286 3997 1353 4074 ipse
1370 3995 1479 4060 Christi
1502 3995 1627 4070 spiritus
1644 3994 1674 4055 in
1692 3993 1784 4056 nobis
1801 3996 1856 4057 ista

84 4096 161 4141 nam
176 4097 186 4155 3
202 4084 304 4138 larnaon
323 4079 422 4139 adhoc
438 4081 595 4155 requirere
611 4095 702 4159 opera
720 4075 948 4156 poenitenliae,
993 4084 1158 4155 operatur,
1189 4077 1269 4140 sicut
1290 4078 1367 4140 nihil
1393 4079 1563 4142 detrahitur
1587 4076 1677 4150 Deo,
1705 4077 1786 4156 quod
1804 4093 1859 4150 per

85 4162 204 4240 quibos
219 4159 406 4222 redimamus
421 4163 607 4241 temporales
619 4177 748 4238 poenas,
761 4157 791 4218 id
805 4157 885 4236 quod
899 4173 950 4230 pa·
994 4161 1147 4224 accondas
1173 4177 1298 4222 carassas
1311 4169 1455 4237 operetur
1468 4179 1477 4237 3
1503 4161 1596 4222 immo
1621 4159 1724 4238 potins
1739 4159 1861 4221 additur

84 4251 132 4306 tet
147 4256 186 4305 ex
200 4259 268 4320 cap.
283 4241 313 4304 ti.
330 4243 368 4304 ad
384 4241 571 4316 Huebraeos,
589 4243 640 4306 obi
657 4243 731 4304 dicit
742 4239 872 4316 apostol.
890 4237 950 4300 fm-
994 4245 1030 4306 ad
1047 4243 1173 4322 gloriam
1200 4242 1291 4322 ejus,
1309 4243 1379 4318 quia
1405 4245 1479 4306 bino
1498 4241 1734 4322 apparetmngis
1749 4248 1860 4320 poteraa

82 4321 949 4406 potst'bt‘letitetomellisemefsttrtit'llttml'halt'idesi,
994 4327 1033 4388 tia
1056 4331 1087 4386 et
1118 4324 1282 4387 edluacitas
1306 4325 1382 4395 liei.
1416 4343 1485 4390 curn
1520 4341 1580 4387 nou
1613 4324 1713 4385 solum
1736 4327 1859 4402 operari

84 4409 531 4488 baptizatiiteruuarecouori
546 4407 849 4488 odpnerac'terttc‘om,
863 4402 951 4464 nimi·
995 4406 1117 4488 possit,
1141 4409 1196 4470 sod
1219 4407 1309 4469 eliam
1332 4410 1404 4471 dale
1426 4409 1494 4471 aliis
1516 4407 1679 4470 rebusuira
1695 4407 1856 4484 operandi.

87 4509 159 4555 rum
176 4491 390 4568 baptismalem
406 4537 414 4562 ,
430 4493 500 4569 quin
517 4492 599 4553 beas
614 4490 711 4553 semel
728 4494 842 4550 tanturn
859 4486 954 4548 utitor
1038 4490 1147 4563 Quarta
1163 4490 1251 4567 rafio;
1269 4489 1300 4553 si
1315 4491 1485 4570 applicatur
1499 4490 1590 4552 nobis
1603 4495 1772 4568 pernostra
1790 4503 1864 4568 ope·

86 4591 124 4638 ca
142 4573 376 4638 liberalitatelit
391 4589 461 4652 cap.
479 4573 528 4636 to.
549 4575 731 4636 volunta-rie
744 4567 953 4650 percnutibate
996 4589 1029 4634 ra
1045 4571 1156 4635 Christi
1182 4573 1371 4647 satisfactio,
1388 4575 1434 4637 ael
1451 4577 1523 4636 sont
1542 4572 1622 4636 duae
1636 4567 1862 4658 satisfactiones

84 4655 183 4720 nobis
196 4663 266 4734 puel
281 4659 447 4736 acceptam
460 4658 612 4721 notitiam
620 4657 777 4724 ueritatis,
790 4654 954 4729 idestpost
998 4655 1088 4717 simul
1102 4654 1250 4734 junctae,
1266 4673 1327 4718 una
1344 4656 1479 4729 Christi,
1495 4657 1587 4717 altera
1603 4660 1720 4726 nostra,
1737 4655 1785 4716 rel
1801 4671 1862 4717 uua

89 4739 350 4802 illuminationem
373 4739 517 4818 baptismi
533 4785 541 4810 ,
556 4755 626 4802 hora
639 4738 837 4816 relinquitur
850 4734 957 4797 hostin
996 4743 1127 4814 tantum3
1143 4737 1170 4799 si
1185 4737 1276 4812 dane,
1293 4755 1366 4820 ergo
1383 4739 1432 4802 bis
1446 4739 1572 4820 punitur
1587 4737 1694 4799 eadem
1712 4736 1814 4815 culpa,
1831 4744 1862 4799 et

85 4838 150 4902 pro
165 4829 322 4901 peceato,
339 4821 430 4892 idest,
448 4838 510 4886 uon
527 4822 711 4901 relinquitur
724 4821 803 4882 alias
818 4816 957 4880 Christus
998 4819 1078 4882 duae
1093 4835 1211 4896 poenae
1227 4822 1417 4896 respondent
1432 4823 1483 4885 ani
1496 4818 1647 4899 eulpae‚si
1660 4833 1717 4879 nna
1732 4823 1859 4894 tantum,

11 4925 12 4936 ¹
88 4907 214 4983 paticus
240 4910 283 4965 et·
297 4906 453 4978 moriens,
484 4905 534 4968 eoi
561 4906 716 4979 possimus
737 4917 858 4964 rursum
873 4915 955 4962 coru·
998 4901 1047 4964 rel
1062 4901 1112 4962 illa
1129 4910 1176 4964 est
1189 4902 1301 4968 Christi
1316 4952 1323 4979 ,
1341 4911 1372 4966 et
1386 4910 1459 4965 tane
1486 4919 1542 4968 nos
1564 4917 1625 4964 nen
1642 4900 1860 4972 satisfacimus;

11 4993 13 5004 ¹
84 4989 169 5048 mori
186 5001 243 5066 per
256 4985 457 5064 baptismum3
473 4988 523 5050 Sic
539 4990 621 5050 enim
637 4991 796 5063 exponunt
807 4984 883 5044 haec
895 4985 956 5044 dun
999 4984 1047 5045 ael
1064 4991 1165 5047 nostra
1180 5033 1188 5060 ‚
1206 4993 1235 5048 el
1249 4991 1323 5049 tuno
1349 4987 1521 5050 excluditur
1546 4983 1685 5047 Christus
1699 5028 1706 5053 ,
1722 4987 1775 5044 aut
1790 4998 1861 5044 uere

88 5070 159 5132 lona
175 5081 285 5134 omues
299 5075 422 5133 ueteres
438 5071 545 5134 Graeci
562 5077 593 5132 et
608 5068 716 5132 batini.
1000 5067 1173 5131 diuidemus
1198 5085 1267 5131 cum
1284 5067 1404 5132 Christo
1420 5071 1591 5144 honoremq
1608 5065 1680 5128 uam
1697 5063 1750 5127 illa
1765 5067 1863 5128 solact

11 5175 13 5188 ·
133 5151 177 5212 lix
192 5168 254 5229 quo
270 5152 401 5216 hahetur
415 5160 630 5232 argumentum
643 5151 767 5229 insigne
779 5162 834 5225 pro
847 5161 955 5224 parpa-
993 5165 1058 5227 ·pro
1073 5151 1177 5231 culpa,
1194 5167 1251 5214 nos
1267 5167 1322 5226 pro
1339 5165 1450 5230 poena.

11 5245 12 5252 ¹
87 5232 193 5297 torio:
211 5231 283 5294 llam
309 5235 410 5296 statim
435 5237 559 5314 ponitur
582 5233 766 5298 adversativa
783 5228 954 5310 particula,
1029 5230 1225 5311 ¹llespondeo
1239 5251 1247 5294 a
1263 5233 1338 5296 'fres
1349 5252 1352 5258 ·
1363 5249 1434 5297 esso
1450 5230 1560 5294 modos
1585 5221 1721 5292 dicendi.
1737 5229 1857 5293 Primus

86 5317 149 5378 sed
164 5315 513 5396 terribilieearpectntio
522 5317 696 5396 iudiciiet
708 5313 796 5394 ipais
810 5309 956 5374 oemula-
1000 5318 1191 5391 quorundam
1207 5321 1266 5390 cst,
1282 5317 1334 5396 qai
1350 5322 1493 5379 asserunt
1507 5327 1578 5376 esse
1594 5327 1686 5374 unam
1700 5318 1861 5383 tautum,cl

11 5395 12 5434 ³
88 5401 137 5462 tio
151 5444 160 5471 ,
176 5413 262 5477 quoe
276 5407 512 5478 comumpturc
531 5407 576 5462 eat
591 5397 808 5462 aduersarios.
826 5393 856 5456 sl
874 5392 958 5455 cuim
993 5396 1085 5458 illam
1102 5391 1214 5460 Christi
1230 5414 1318 5472 csso,
1334 5416 1369 5462 an
1386 5413 1442 5462 nos
1457 5396 1579 5477 proprie
1596 5410 1656 5455 non
1672 5395 1860 5468 satisfacere,

11 5491 13 5502 ¹
89 5482 153 5544 isto
168 5481 251 5557 iqnis
265 5483 454 5562 significaret
467 5485 568 5545 solum
585 5483 689 5562 ignem
705 5482 889 5559 gehennae,
907 5491 955 5538 se·
995 5480 1057 5540 ‘sed
1073 5481 1173 5542 solnm
1188 5481 1290 5543 facere
1305 5479 1526 5561 aliquiduajus
1541 5477 1652 5540 intuitu
1668 5476 1749 5541 beas
1765 5479 1860 5558 appli-

11 5561 14 5602 f
91 5571 263 5644 queretur,
280 5579 388 5630 omnes
403 5568 456 5646 qui
472 5571 602 5646 peccant
617 5571 687 5643 pest
701 5560 886 5641 baptismum
902 5571 955 5619 ne·
1002 5568 1050 5624 eat
1065 5563 1155 5626 nobis
1169 5561 1282 5626 Christi
1297 5561 1557 5644 satisfactionem,
1574 5558 1657 5640 quod
1672 5566 1720 5622 est
1733 5559 1859 5636 dicero,

11 5659 14 5670 ’
91 5649 232 5710 cessario
246 5647 459 5724 damnandos,
478 5648 526 5711 ael
542 5653 626 5710 certe
651 5643 777 5708 faulam
793 5643 898 5721 inepta
911 5640 956 5704 fo
1003 5650 1107 5708 nostra
1122 5661 1215 5726 opera
1242 5663 1303 5708 non
1319 5661 1391 5709 osse
1405 5645 1464 5709 nisi
1480 5642 1696 5712 conditiones,
1712 5641 1781 5710 sine
1794 5641 1861 5722 qul·

11 5727 14 5770 ¹
93 5729 161 5811 qai.
178 5729 238 5792 flec
253 5729 336 5792 euim
351 5737 434 5794 recte
448 5731 596 5808 dicimus
624 5728 766 5810 peccanti
779 5731 849 5806 post
861 5723 956 5803 bapti·
1004 5727 1063 5791 bus
1078 5743 1139 5792 non
1155 5727 1360 5810 applicaretur
1374 5729 1465 5793 uobis
1481 5724 1592 5791 Christi
1607 5721 1775 5789 satisfactio
1787 5748 1799 5803 ,·
1812 5727 1861 5790 ael

170 5825 343 5885 bellantur.
358 5827 416 5885 Vel.
437 5828 470 5885 tl.
1523 5823 1557 5878 ⁵⁹
