<?xml version="1.0" encoding="UTF-8"?>
<!DOCTYPE html PUBLIC "-//W3C//DTD XHTML 1.0 Transitional//EN"
    "http://www.w3.org/TR/xhtml1/DTD/xhtml1-transitional.dtd">
<html xmlns="http://www.w3.org/1999/xhtml" xml:lang="en" lang="en">
 <head>
  <title>
</title>
<meta http-equiv="Content-Type" content="text/html;charset=utf-8" />
  <meta name='ocr-system' content='tesseract 3.04.00' />
  <meta name='ocr-capabilities' content='ocr_page ocr_carea ocr_par ocr_line ocrx_word'/>
</head>
<body>
  <div class='ocr_page' id='page_1' title='image "./operaomnia02sforgoog/operaomnia02sforgoog_0410.png"; bbox 0 0 4098 6294; ppageno 0'>
   <div class='ocr_carea' id='block_1_1' title="bbox 775 378 1784 446">
    <p class='ocr_par' dir='ltr' id='par_1_1' title="bbox 775 378 1784 446">
     <span class='ocr_line' id='line_1_1' title="bbox 775 378 1784 446; baseline 0.009 -9"><span class='ocrx_word' id='word_1_1' title='bbox 775 379 872 439; x_wconf 76' lang='lat' dir='ltr'>LIBER</span> <span class='ocrx_word' id='word_1_2' title='bbox 884 381 1056 446; x_wconf 77' lang='lat' dir='ltr'>SECUNDUS</span> <span class='ocrx_word' id='word_1_3' title='bbox 1730 378 1784 436; x_wconf 70' lang='lat'><strong>¹⁰⁹</strong></span> 
     </span>
    </p>
   </div>
   <div class='ocr_carea' id='block_1_2' title="bbox 88 511 1897 5552">
    <p class='ocr_par' dir='ltr' id='par_1_2' title="bbox 88 511 1897 5552">
     <span class='ocr_line' id='line_1_2' title="bbox 88 511 1856 599; baseline -0.005 -17"><span class='ocrx_word' id='word_1_4' title='bbox 88 561 93 568; x_wconf 89' lang='lat'><em>-</em></span> <span class='ocrx_word' id='word_1_5' title='bbox 145 518 297 599; x_wconf 86' lang='lat' dir='ltr'><strong>Septimo,</strong></span> <span class='ocrx_word' id='word_1_6' title='bbox 311 535 374 584; x_wconf 93' lang='lat' dir='ltr'><strong>non</strong></span> <span class='ocrx_word' id='word_1_7' title='bbox 387 519 488 586; x_wconf 91' lang='lat' dir='ltr'><strong>solum</strong></span> <span class='ocrx_word' id='word_1_8' title='bbox 499 531 570 582; x_wconf 92' lang='lat' dir='ltr'><strong>cum</strong></span> <span class='ocrx_word' id='word_1_9' title='bbox 581 511 783 594; x_wconf 85' lang='lat' dir='ltr'><strong>sepeliuntur,</strong></span> <span class='ocrx_word' id='word_1_10' title='bbox 795 517 851 578; x_wconf 86' lang='lat' dir='ltr'><strong>sod</strong></span> <span class='ocrx_word' id='word_1_11' title='bbox 866 516 956 580; x_wconf 86' lang='lat' dir='ltr'><strong>etiarn</strong></span> <span class='ocrx_word' id='word_1_12' title='bbox 1018 519 1023 526; x_wconf 85' lang='lat'>&#39;</span> <span class='ocrx_word' id='word_1_13' title='bbox 1044 520 1154 596; x_wconf 84' lang='lat' dir='ltr'><strong>Quarta</strong></span> <span class='ocrx_word' id='word_1_14' title='bbox 1168 531 1206 580; x_wconf 83' lang='lat' dir='ltr'><strong>ex</strong></span> <span class='ocrx_word' id='word_1_15' title='bbox 1220 533 1258 582; x_wconf 92' lang='lat' dir='ltr'><strong>eo</strong></span> <span class='ocrx_word' id='word_1_16' title='bbox 1273 517 1415 592; x_wconf 86' lang='lat' dir='ltr'><strong>sumitur,</strong></span> <span class='ocrx_word' id='word_1_17' title='bbox 1437 515 1520 594; x_wconf 89' lang='lat' dir='ltr'><strong>qaod</strong></span> <span class='ocrx_word' id='word_1_18' title='bbox 1540 515 1572 578; x_wconf 90' lang='lat' dir='ltr'><strong>in</strong></span> <span class='ocrx_word' id='word_1_19' title='bbox 1598 513 1721 592; x_wconf 87' lang='lat' dir='ltr'><strong>templis</strong></span> <span class='ocrx_word' id='word_1_20' title='bbox 1735 516 1856 575; x_wconf 89' lang='lat' dir='ltr'><strong>saneto·</strong></span> 
     </span>
     <span class='ocr_line' id='line_1_3' title="bbox 102 594 1858 684; baseline -0.006 -18"><span class='ocrx_word' id='word_1_21' title='bbox 102 602 154 666; x_wconf 87' lang='lat' dir='ltr'><strong>die</strong></span> <span class='ocrx_word' id='word_1_22' title='bbox 168 603 373 666; x_wconf 77' lang='lat' dir='ltr'><strong>anairersaria</strong></span> <span class='ocrx_word' id='word_1_23' title='bbox 390 619 444 684; x_wconf 92' lang='lat' dir='ltr'><strong>pro</strong></span> <span class='ocrx_word' id='word_1_24' title='bbox 469 600 622 664; x_wconf 86' lang='lat' dir='ltr'><strong>deluustis</strong></span> <span class='ocrx_word' id='word_1_25' title='bbox 636 594 778 674; x_wconf 76' lang='lat' dir='ltr'><strong>offertur,</strong></span> <span class='ocrx_word' id='word_1_26' title='bbox 797 603 827 660; x_wconf 90' lang='lat' dir='ltr'><strong>et</strong></span> <span class='ocrx_word' id='word_1_27' title='bbox 842 605 955 676; x_wconf 90' lang='lat' dir='ltr'><strong>oratur,</strong></span> <span class='ocrx_word' id='word_1_28' title='bbox 991 619 1070 666; x_wconf 79' lang='lat' dir='ltr'><strong>rum</strong></span> <span class='ocrx_word' id='word_1_29' title='bbox 1086 600 1286 684; x_wconf 81' lang='lat' dir='ltr'><strong>sepulchrum</strong></span> <span class='ocrx_word' id='word_1_30' title='bbox 1299 601 1426 678; x_wconf 84' lang='lat' dir='ltr'><strong>hahent3</strong></span> <span class='ocrx_word' id='word_1_31' title='bbox 1451 599 1525 664; x_wconf 90' lang='lat' dir='ltr'><strong>inde</strong></span> <span class='ocrx_word' id='word_1_32' title='bbox 1539 597 1621 661; x_wconf 92' lang='lat' dir='ltr'><strong>enirn</strong></span> <span class='ocrx_word' id='word_1_33' title='bbox 1635 595 1679 670; x_wconf 90' lang='lat' dir='ltr'><strong>lit,</strong></span> <span class='ocrx_word' id='word_1_34' title='bbox 1695 602 1734 658; x_wconf 88' lang='lat' dir='ltr'><strong>ut.</strong></span> <span class='ocrx_word' id='word_1_35' title='bbox 1750 610 1858 657; x_wconf 91' lang='lat' dir='ltr'><strong>eorum</strong></span> 
     </span>
     <span class='ocr_line' id='line_1_4' title="bbox 101 676 1856 763; baseline -0.006 -15"><span class='ocrx_word' id='word_1_36' title='bbox 101 691 136 748; x_wconf 91' lang='lat' dir='ltr'><strong>ut</strong></span> <span class='ocrx_word' id='word_1_37' title='bbox 150 690 233 762; x_wconf 90' lang='lat' dir='ltr'><strong>patet</strong></span> <span class='ocrx_word' id='word_1_38' title='bbox 246 687 328 763; x_wconf 90' lang='lat' dir='ltr'><strong>apud</strong></span> <span class='ocrx_word' id='word_1_39' title='bbox 349 684 571 750; x_wconf 74' lang='lat' dir='ltr'><strong>Tertullianum</strong></span> <span class='ocrx_word' id='word_1_40' title='bbox 595 681 652 743; x_wconf 77' lang='lat' dir='ltr'><strong>lib.</strong></span> <span class='ocrx_word' id='word_1_41' title='bbox 679 679 717 742; x_wconf 88' lang='lat' dir='ltr'><strong>da</strong></span> <span class='ocrx_word' id='word_1_42' title='bbox 743 682 955 760; x_wconf 74' lang='lat' dir='ltr'><strong>monogamia,</strong></span> <span class='ocrx_word' id='word_1_43' title='bbox 1001 685 1104 759; x_wconf 88' lang='lat' dir='ltr'><strong>amici,</strong></span> <span class='ocrx_word' id='word_1_44' title='bbox 1122 700 1192 749; x_wconf 91' lang='lat' dir='ltr'><strong>cum</strong></span> <span class='ocrx_word' id='word_1_45' title='bbox 1207 680 1636 755; x_wconf 88' lang='lat' dir='ltr'><strong>eorumrocordantur,simul</strong></span> <span class='ocrx_word' id='word_1_46' title='bbox 1651 676 1856 740; x_wconf 90' lang='lat' dir='ltr'><strong>etiamrecor·</strong></span> 
     </span>
     <span class='ocr_line' id='line_1_5' title="bbox 102 759 1856 848; baseline -0.005 -21"><span class='ocrx_word' id='word_1_47' title='bbox 102 774 136 828; x_wconf 92' lang='lat' dir='ltr'><strong>ut</strong></span> <span class='ocrx_word' id='word_1_48' title='bbox 149 765 329 848; x_wconf 84' lang='lat' dir='ltr'><strong>Gregorium</strong></span> <span class='ocrx_word' id='word_1_49' title='bbox 343 769 571 839; x_wconf 74' lang='lat' dir='ltr'><strong>nazianzenum,</strong></span> <span class='ocrx_word' id='word_1_50' title='bbox 587 759 724 828; x_wconf 87' lang='lat' dir='ltr'><strong>oratioue</strong></span> <span class='ocrx_word' id='word_1_51' title='bbox 734 762 767 826; x_wconf 87' lang='lat' dir='ltr'><strong>iu</strong></span> <span class='ocrx_word' id='word_1_52' title='bbox 781 761 958 828; x_wconf 75' lang='lat' dir='ltr'><strong>Camurium</strong></span> <span class='ocrx_word' id='word_1_53' title='bbox 1001 769 1113 832; x_wconf 89' lang='lat' dir='ltr'><strong>dentur</strong></span> <span class='ocrx_word' id='word_1_54' title='bbox 1127 767 1196 846; x_wconf 78' lang='lat' dir='ltr'><strong>aius</strong></span> <span class='ocrx_word' id='word_1_55' title='bbox 1211 767 1319 841; x_wconf 87' lang='lat' dir='ltr'><strong>sancti,</strong></span> <span class='ocrx_word' id='word_1_56' title='bbox 1343 768 1374 828; x_wconf 92' lang='lat' dir='ltr'><strong>iu</strong></span> <span class='ocrx_word' id='word_1_57' title='bbox 1389 766 1481 846; x_wconf 80' lang='lat' dir='ltr'><strong>euius</strong></span> <span class='ocrx_word' id='word_1_58' title='bbox 1493 763 1608 842; x_wconf 89' lang='lat' dir='ltr'><strong>templo</strong></span> <span class='ocrx_word' id='word_1_59' title='bbox 1631 763 1743 839; x_wconf 89' lang='lat' dir='ltr'><strong>sepulti</strong></span> <span class='ocrx_word' id='word_1_60' title='bbox 1759 765 1856 832; x_wconf 92' lang='lat' dir='ltr'><strong>sunt,</strong></span> 
     </span>
     <span class='ocr_line' id='line_1_6' title="bbox 99 843 1859 929; baseline -0.005 -17"><span class='ocrx_word' id='word_1_61' title='bbox 99 851 235 913; x_wconf 84' lang='lat' dir='ltr'><strong>tratrem.</strong></span> <span class='ocrx_word' id='word_1_62' title='bbox 1002 857 1033 913; x_wconf 91' lang='lat' dir='ltr'><strong>et</strong></span> <span class='ocrx_word' id='word_1_63' title='bbox 1060 849 1329 929; x_wconf 73' lang='lat' dir='ltr'><strong>frequenterque</strong></span> <span class='ocrx_word' id='word_1_64' title='bbox 1354 847 1524 928; x_wconf 83' lang='lat' dir='ltr'><strong>patrocinio</strong></span> <span class='ocrx_word' id='word_1_65' title='bbox 1552 862 1608 908; x_wconf 91' lang='lat' dir='ltr'><strong>eos</strong></span> <span class='ocrx_word' id='word_1_66' title='bbox 1629 843 1859 906; x_wconf 89' lang='lat' dir='ltr'><strong>commendent.</strong></span> 
     </span>
     <span class='ocr_line' id='line_1_7' title="bbox 142 925 1861 1012; baseline -0.006 -16"><span class='ocrx_word' id='word_1_67' title='bbox 142 932 266 1010; x_wconf 84' lang='lat' dir='ltr'><strong>Octavo,</strong></span> <span class='ocrx_word' id='word_1_68' title='bbox 279 933 452 998; x_wconf 78' lang='lat' dir='ltr'><strong>monaulum</strong></span> <span class='ocrx_word' id='word_1_69' title='bbox 473 930 524 994; x_wconf 90' lang='lat' dir='ltr'><strong>dio</strong></span> <span class='ocrx_word' id='word_1_70' title='bbox 537 925 767 1002; x_wconf 76' lang='lat' dir='ltr'><strong>anniuersario,</strong></span> <span class='ocrx_word' id='word_1_71' title='bbox 796 926 957 991; x_wconf 88' lang='lat' dir='ltr'><strong>sedetiam</strong></span> <span class='ocrx_word' id='word_1_72' title='bbox 1002 933 1087 996; x_wconf 89' lang='lat' dir='ltr'><strong>lianc</strong></span> <span class='ocrx_word' id='word_1_73' title='bbox 1102 933 1260 995; x_wconf 91' lang='lat' dir='ltr'><strong>utilitatem</strong></span> <span class='ocrx_word' id='word_1_74' title='bbox 1283 930 1445 1009; x_wconf 83' lang='lat' dir='ltr'><strong>ponuntb.</strong></span> <span class='ocrx_word' id='word_1_75' title='bbox 1459 929 1645 1012; x_wconf 88' lang='lat' dir='ltr'><strong>Augustinus</strong></span> <span class='ocrx_word' id='word_1_76' title='bbox 1665 927 1861 989; x_wconf 89' lang='lat' dir='ltr'><strong>librodocu·</strong></span> 
     </span>
     <span class='ocr_line' id='line_1_8' title="bbox 100 1009 1861 1094; baseline -0.004 -18"><span class='ocrx_word' id='word_1_77' title='bbox 100 1015 152 1077; x_wconf 88' lang='lat' dir='ltr'><strong>die</strong></span> <span class='ocrx_word' id='word_1_78' title='bbox 167 1015 198 1078; x_wconf 92' lang='grc'><strong>3.</strong></span> <span class='ocrx_word' id='word_1_79' title='bbox 215 1016 245 1079; x_wconf 88' lang='lat' dir='ltr'><strong>l.</strong></span> <span class='ocrx_word' id='word_1_80' title='bbox 258 1022 289 1078; x_wconf 90' lang='lat' dir='ltr'><strong>et</strong></span> <span class='ocrx_word' id='word_1_81' title='bbox 303 1015 354 1079; x_wconf 80' lang='grc'><strong>31).</strong></span> <span class='ocrx_word' id='word_1_82' title='bbox 378 1022 412 1078; x_wconf 88' lang='lat' dir='ltr'><strong>at</strong></span> <span class='ocrx_word' id='word_1_83' title='bbox 436 1017 483 1076; x_wconf 90' lang='lat' dir='ltr'><strong>est</strong></span> <span class='ocrx_word' id='word_1_84' title='bbox 502 1012 582 1092; x_wconf 88' lang='lat' dir='ltr'><strong>apud</strong></span> <span class='ocrx_word' id='word_1_85' title='bbox 602 1009 958 1074; x_wconf 87' lang='lat' dir='ltr'><strong>Ambrosiumoratiouc</strong></span> <span class='ocrx_word' id='word_1_86' title='bbox 1001 1029 1033 1078; x_wconf 88' lang='lat' dir='ltr'><strong>ra</strong></span> <span class='ocrx_word' id='word_1_87' title='bbox 1046 1015 1101 1094; x_wconf 87' lang='lat' dir='ltr'><strong>pro</strong></span> <span class='ocrx_word' id='word_1_88' title='bbox 1115 1013 1256 1090; x_wconf 89' lang='lat' dir='ltr'><strong>mortuis,</strong></span> <span class='ocrx_word' id='word_1_89' title='bbox 1272 1031 1341 1093; x_wconf 88' lang='lat' dir='ltr'><strong>cap.</strong></span> <span class='ocrx_word' id='word_1_90' title='bbox 1358 1014 1390 1077; x_wconf 85' lang='lat' dir='ltr'><strong>l.</strong></span> <span class='ocrx_word' id='word_1_91' title='bbox 1402 1020 1433 1076; x_wconf 88' lang='lat' dir='ltr'><strong>et</strong></span> <span class='ocrx_word' id='word_1_92' title='bbox 1446 1013 1511 1078; x_wconf 61' lang='lat' dir='ltr'><strong>&amp;ct</strong></span> <span class='ocrx_word' id='word_1_93' title='bbox 1524 1011 1558 1076; x_wconf 94' lang='lat' dir='ltr'><strong>b.</strong></span> <span class='ocrx_word' id='word_1_94' title='bbox 1571 1009 1663 1090; x_wconf 82' lang='lat' dir='ltr'><strong>Greg.</strong></span> <span class='ocrx_word' id='word_1_95' title='bbox 1681 1010 1735 1072; x_wconf 92' lang='lat' dir='ltr'><strong>lib.</strong></span> <span class='ocrx_word' id='word_1_96' title='bbox 1752 1009 1782 1071; x_wconf 87' lang='lat' dir='ltr'><strong>l.</strong></span> <span class='ocrx_word' id='word_1_97' title='bbox 1796 1009 1861 1070; x_wconf 89' lang='lat' dir='ltr'><strong>dla-</strong></span> 
     </span>
     <span class='ocr_line' id='line_1_9' title="bbox 100 1093 1306 1178; baseline 0 -20"><span class='ocrx_word' id='word_1_98' title='bbox 100 1098 140 1160; x_wconf 91' lang='lat' dir='ltr'><strong>dc</strong></span> <span class='ocrx_word' id='word_1_99' title='bbox 156 1099 243 1162; x_wconf 91' lang='lat' dir='ltr'><strong>obitu</strong></span> <span class='ocrx_word' id='word_1_100' title='bbox 256 1097 421 1162; x_wconf 76' lang='lat' dir='ltr'><strong>Theodosii</strong></span> <span class='ocrx_word' id='word_1_101' title='bbox 435 1095 533 1170; x_wconf 90' lang='lat' dir='ltr'><strong>initio,</strong></span> <span class='ocrx_word' id='word_1_102' title='bbox 548 1093 579 1156; x_wconf 94' lang='lat' dir='ltr'><strong>id</strong></span> <span class='ocrx_word' id='word_1_103' title='bbox 594 1093 676 1172; x_wconf 88' lang='lat' dir='ltr'><strong>quod</strong></span> <span class='ocrx_word' id='word_1_104' title='bbox 691 1094 781 1156; x_wconf 79' lang='lat' dir='ltr'><strong>etiarm</strong></span> <span class='ocrx_word' id='word_1_105' title='bbox 801 1109 884 1156; x_wconf 91' lang='lat' dir='ltr'><strong>nuno</strong></span> <span class='ocrx_word' id='word_1_106' title='bbox 894 1109 959 1157; x_wconf 89' lang='lat' dir='ltr'><strong>ser·</strong></span> <span class='ocrx_word' id='word_1_107' title='bbox 1003 1098 1154 1178; x_wconf 89' lang='lat' dir='ltr'><strong>iugorum,</strong></span> <span class='ocrx_word' id='word_1_108' title='bbox 1168 1113 1237 1176; x_wconf 92' lang='lat' dir='ltr'><strong>cap.</strong></span> <span class='ocrx_word' id='word_1_109' title='bbox 1254 1095 1306 1158; x_wconf 80' lang='grc'><strong>51).</strong></span> 
     </span>
     <span class='ocr_line' id='line_1_10' title="bbox 101 1173 1854 1260; baseline -0.005 -18"><span class='ocrx_word' id='word_1_110' title='bbox 101 1185 197 1244; x_wconf 85' lang='lat' dir='ltr'><strong>ratur.</strong></span> <span class='ocrx_word' id='word_1_111' title='bbox 556 1244 560 1252; x_wconf 68' lang='grc'><strong>,</strong></span> <span class='ocrx_word' id='word_1_112' title='bbox 745 1193 772 1226; x_wconf 86' lang='lat'><strong>-&#39;</strong></span> <span class='ocrx_word' id='word_1_113' title='bbox 1042 1179 1085 1243; x_wconf 81' lang='lat' dir='ltr'><strong>lla</strong></span> <span class='ocrx_word' id='word_1_114' title='bbox 1100 1179 1199 1243; x_wconf 92' lang='lat' dir='ltr'><strong>hisad</strong></span> <span class='ocrx_word' id='word_1_115' title='bbox 1214 1184 1390 1259; x_wconf 90' lang='lat' dir='ltr'><strong>argumenta</strong></span> <span class='ocrx_word' id='word_1_116' title='bbox 1414 1175 1631 1260; x_wconf 91' lang='lat' dir='ltr'><strong>respondetur.</strong></span> <span class='ocrx_word' id='word_1_117' title='bbox 1655 1175 1698 1237; x_wconf 93' lang='lat' dir='ltr'><strong>Ad</strong></span> <span class='ocrx_word' id='word_1_118' title='bbox 1722 1173 1854 1254; x_wconf 91' lang='lat' dir='ltr'><strong>primum</strong></span> 
     </span>
     <span class='ocr_line' id='line_1_11' title="bbox 149 1255 1862 1346; baseline -0.004 -21"><span class='ocrx_word' id='word_1_119' title='bbox 149 1263 246 1336; x_wconf 84' lang='lat' dir='ltr'><strong>Nono,</strong></span> <span class='ocrx_word' id='word_1_120' title='bbox 263 1261 422 1339; x_wconf 86' lang='lat' dir='ltr'><strong>eriguntur</strong></span> <span class='ocrx_word' id='word_1_121' title='bbox 447 1257 551 1334; x_wconf 89' lang='lat' dir='ltr'><strong>tituli,</strong></span> <span class='ocrx_word' id='word_1_122' title='bbox 578 1258 661 1322; x_wconf 89' lang='lat' dir='ltr'><strong>idem</strong></span> <span class='ocrx_word' id='word_1_123' title='bbox 685 1255 756 1320; x_wconf 89' lang='lat' dir='ltr'><strong>olim</strong></span> <span class='ocrx_word' id='word_1_124' title='bbox 779 1255 891 1320; x_wconf 80' lang='lat' dir='ltr'><strong>(lenes.</strong></span> <span class='ocrx_word' id='word_1_125' title='bbox 907 1255 959 1321; x_wconf 82' lang='grc'><strong>35.</strong></span> <span class='ocrx_word' id='word_1_126' title='bbox 1003 1262 1072 1329; x_wconf 91' lang='lat' dir='ltr'><strong>dico</strong></span> <span class='ocrx_word' id='word_1_127' title='bbox 1087 1271 1158 1324; x_wconf 89' lang='lat' dir='ltr'><strong>cum</strong></span> <span class='ocrx_word' id='word_1_128' title='bbox 1169 1263 1338 1342; x_wconf 89' lang='lat' dir='ltr'><strong>Augustino</strong></span> <span class='ocrx_word' id='word_1_129' title='bbox 1352 1262 1407 1323; x_wconf 89' lang='lat' dir='ltr'><strong>lib.</strong></span> <span class='ocrx_word' id='word_1_130' title='bbox 1422 1261 1493 1324; x_wconf 80' lang='lat' dir='ltr'><strong>lde</strong></span> <span class='ocrx_word' id='word_1_131' title='bbox 1509 1257 1652 1322; x_wconf 81' lang='lat' dir='ltr'><strong>ttritttei</strong></span> <span class='ocrx_word' id='word_1_132' title='bbox 1664 1256 1862 1346; x_wconf 66' lang='lat' dir='ltr'><strong>captabo-</strong></span> 
     </span>
     <span class='ocr_line' id='line_1_12' title="bbox 100 1340 1856 1424; baseline -0.003 -18"><span class='ocrx_word' id='word_1_133' title='bbox 100 1345 204 1408; x_wconf 92' lang='lat' dir='ltr'><strong>Actcr.</strong></span> <span class='ocrx_word' id='word_1_134' title='bbox 219 1345 251 1408; x_wconf 88' lang='grc'><strong>2.</strong></span> <span class='ocrx_word' id='word_1_135' title='bbox 268 1346 297 1407; x_wconf 97' lang='grc'><strong>1.</strong></span> <span class='ocrx_word' id='word_1_136' title='bbox 313 1344 451 1408; x_wconf 86' lang='lat' dir='ltr'><strong>blachab.</strong></span> <span class='ocrx_word' id='word_1_137' title='bbox 469 1343 519 1405; x_wconf 78' lang='lat' dir='ltr'><strong>lt.</strong></span> <span class='ocrx_word' id='word_1_138' title='bbox 1003 1347 1121 1409; x_wconf 89' lang='lat' dir='ltr'><strong>minum</strong></span> <span class='ocrx_word' id='word_1_139' title='bbox 1133 1345 1216 1422; x_wconf 89' lang='lat' dir='ltr'><strong>loqui</strong></span> <span class='ocrx_word' id='word_1_140' title='bbox 1239 1345 1277 1406; x_wconf 90' lang='lat' dir='ltr'><strong>de</strong></span> <span class='ocrx_word' id='word_1_141' title='bbox 1298 1344 1417 1418; x_wconf 90' lang='lat' dir='ltr'><strong>dolore,</strong></span> <span class='ocrx_word' id='word_1_142' title='bbox 1433 1359 1494 1424; x_wconf 91' lang='lat' dir='ltr'><strong>quo</strong></span> <span class='ocrx_word' id='word_1_143' title='bbox 1509 1340 1588 1404; x_wconf 91' lang='lat' dir='ltr'><strong>aillci</strong></span> <span class='ocrx_word' id='word_1_144' title='bbox 1605 1346 1734 1418; x_wconf 88' lang='lat' dir='ltr'><strong>possunt</strong></span> <span class='ocrx_word' id='word_1_145' title='bbox 1748 1353 1856 1417; x_wconf 89' lang='lat' dir='ltr'><strong>corpo·</strong></span> 
     </span>
     <span class='ocr_line' id='line_1_13' title="bbox 143 1420 1863 1504; baseline -0.004 -14"><span class='ocrx_word' id='word_1_146' title='bbox 143 1427 283 1502; x_wconf 83' lang='lat' dir='ltr'><strong>liecimo,</strong></span> <span class='ocrx_word' id='word_1_147' title='bbox 298 1430 409 1490; x_wconf 91' lang='lat' dir='ltr'><strong>dantur</strong></span> <span class='ocrx_word' id='word_1_148' title='bbox 423 1428 639 1502; x_wconf 75' lang='lat' dir='ltr'><strong>eleemosynae</strong></span> <span class='ocrx_word' id='word_1_149' title='bbox 661 1420 860 1501; x_wconf 83' lang='lat' dir='ltr'><strong>pauperibus,</strong></span> <span class='ocrx_word' id='word_1_150' title='bbox 876 1421 959 1486; x_wconf 89' lang='lat' dir='ltr'><strong>idem</strong></span> <span class='ocrx_word' id='word_1_151' title='bbox 1003 1445 1034 1490; x_wconf 90' lang='lat' dir='ltr'><strong>ra</strong></span> <span class='ocrx_word' id='word_1_152' title='bbox 1047 1429 1119 1490; x_wconf 92' lang='lat' dir='ltr'><strong>dum</strong></span> <span class='ocrx_word' id='word_1_153' title='bbox 1134 1429 1248 1504; x_wconf 87' lang='lat' dir='ltr'><strong>rirunt;</strong></span> <span class='ocrx_word' id='word_1_154' title='bbox 1263 1426 1333 1490; x_wconf 93' lang='lat' dir='ltr'><strong>ideo</strong></span> <span class='ocrx_word' id='word_1_155' title='bbox 1347 1426 1430 1490; x_wconf 91' lang='lat' dir='ltr'><strong>onim</strong></span> <span class='ocrx_word' id='word_1_156' title='bbox 1445 1427 1497 1488; x_wconf 91' lang='lat' dir='ltr'><strong>ait:</strong></span> <span class='ocrx_word' id='word_1_157' title='bbox 1513 1425 1586 1488; x_wconf 85' lang='lat' dir='ltr'><strong>Posi</strong></span> <span class='ocrx_word' id='word_1_158' title='bbox 1600 1423 1680 1486; x_wconf 87' lang='lat' dir='ltr'><strong>boec</strong></span> <span class='ocrx_word' id='word_1_159' title='bbox 1700 1438 1769 1486; x_wconf 83' lang='lat' dir='ltr'><strong>uon</strong></span> <span class='ocrx_word' id='word_1_160' title='bbox 1794 1437 1863 1484; x_wconf 88' lang='lat' dir='ltr'><strong>om·</strong></span> 
     </span>
     <span class='ocr_line' id='line_1_14' title="bbox 98 1501 1862 1591; baseline -0.009 -9"><span class='ocrx_word' id='word_1_161' title='bbox 98 1509 190 1582; x_wconf 66' lang='lat' dir='ltr'><strong>ditm.</strong></span> <span class='ocrx_word' id='word_1_162' title='bbox 203 1509 442 1591; x_wconf 59' lang='lat' dir='ltr'><strong>chrisostomus</strong></span> <span class='ocrx_word' id='word_1_163' title='bbox 463 1508 547 1570; x_wconf 79' lang='lat' dir='ltr'><strong>hom·</strong></span> <span class='ocrx_word' id='word_1_164' title='bbox 564 1505 614 1566; x_wconf 74' lang='lat'><strong>32·</strong></span> <span class='ocrx_word' id='word_1_165' title='bbox 632 1506 663 1566; x_wconf 68' lang='grc' dir='ltr'><strong>ΠΙ</strong></span> <span class='ocrx_word' id='word_1_166' title='bbox 677 1501 781 1567; x_wconf 72' lang='lat' dir='ltr'><strong>Mlllh·</strong></span> <span class='ocrx_word' id='word_1_167' title='bbox 1001 1511 1089 1590; x_wconf 85' lang='lat' dir='ltr'><strong>ptius</strong></span> <span class='ocrx_word' id='word_1_168' title='bbox 1102 1509 1221 1573; x_wconf 79' lang='lat' dir='ltr'><strong>liabent</strong></span> <span class='ocrx_word' id='word_1_169' title='bbox 1235 1511 1316 1590; x_wconf 85' lang='lat' dir='ltr'><strong>quid</strong></span> <span class='ocrx_word' id='word_1_170' title='bbox 1328 1509 1469 1587; x_wconf 74' lang='lat' dir='ltr'><strong>socient·</strong></span> <span class='ocrx_word' id='word_1_171' title='bbox 1487 1508 1557 1588; x_wconf 91' lang='lat' dir='ltr'><strong>quia</strong></span> <span class='ocrx_word' id='word_1_172' title='bbox 1579 1509 1862 1584; x_wconf 89' lang='lat' dir='ltr'><strong>corpusmurtuum</strong></span> 
     </span>
     <span class='ocr_line' id='line_1_15' title="bbox 143 1585 1861 1671; baseline -0.004 -16"><span class='ocrx_word' id='word_1_173' title='bbox 143 1593 181 1655; x_wconf 91' lang='lat' dir='ltr'><strong>At</strong></span> <span class='ocrx_word' id='word_1_174' title='bbox 195 1608 274 1670; x_wconf 89' lang='lat' dir='ltr'><strong>quae</strong></span> <span class='ocrx_word' id='word_1_175' title='bbox 290 1591 330 1654; x_wconf 91' lang='lat' dir='ltr'><strong>sit</strong></span> <span class='ocrx_word' id='word_1_176' title='bbox 350 1591 445 1671; x_wconf 87' lang='lat' dir='ltr'><strong>hujus</strong></span> <span class='ocrx_word' id='word_1_177' title='bbox 459 1589 505 1653; x_wconf 91' lang='lat' dir='ltr'><strong>rei</strong></span> <span class='ocrx_word' id='word_1_178' title='bbox 527 1587 664 1659; x_wconf 87' lang='lat' dir='ltr'><strong>uti-litas,</strong></span> <span class='ocrx_word' id='word_1_179' title='bbox 682 1587 772 1666; x_wconf 89' lang='lat' dir='ltr'><strong>paulo</strong></span> <span class='ocrx_word' id='word_1_180' title='bbox 797 1586 960 1651; x_wconf 79' lang='lat' dir='ltr'><strong>obscurius</strong></span> <span class='ocrx_word' id='word_1_181' title='bbox 1004 1595 1121 1657; x_wconf 87' lang='lat' dir='ltr'><strong>etiamsi</strong></span> <span class='ocrx_word' id='word_1_182' title='bbox 1138 1599 1271 1663; x_wconf 87' lang='lat' dir='ltr'><strong>secetur,</strong></span> <span class='ocrx_word' id='word_1_183' title='bbox 1287 1599 1338 1670; x_wconf 88' lang='lat' dir='ltr'><strong>aut</strong></span> <span class='ocrx_word' id='word_1_184' title='bbox 1352 1591 1494 1666; x_wconf 87' lang='lat' dir='ltr'><strong>lanietur,</strong></span> <span class='ocrx_word' id='word_1_185' title='bbox 1511 1595 1562 1652; x_wconf 93' lang='lat' dir='ltr'><strong>aut</strong></span> <span class='ocrx_word' id='word_1_186' title='bbox 1576 1594 1727 1651; x_wconf 89' lang='lat' dir='ltr'><strong>cremetur</strong></span> <span class='ocrx_word' id='word_1_187' title='bbox 1745 1633 1753 1658; x_wconf 98' lang='lat'><strong>,</strong></span> <span class='ocrx_word' id='word_1_188' title='bbox 1783 1585 1861 1658; x_wconf 87' lang='lat' dir='ltr'><strong>nibil</strong></span> 
     </span>
     <span class='ocr_line' id='line_1_16' title="bbox 102 1670 1860 1760; baseline -0.002 -25"><span class='ocrx_word' id='word_1_189' title='bbox 102 1680 161 1736; x_wconf 86' lang='lat' dir='ltr'><strong>est.</strong></span> <span class='ocrx_word' id='word_1_190' title='bbox 174 1673 272 1754; x_wconf 91' lang='lat' dir='ltr'><strong>Atque</strong></span> <span class='ocrx_word' id='word_1_191' title='bbox 283 1674 314 1736; x_wconf 91' lang='lat' dir='ltr'><strong>in</strong></span> <span class='ocrx_word' id='word_1_192' title='bbox 330 1676 438 1754; x_wconf 91' lang='lat' dir='ltr'><strong>primis</strong></span> <span class='ocrx_word' id='word_1_193' title='bbox 452 1670 615 1751; x_wconf 75' lang='lat' dir='ltr'><strong>rejiciendi</strong></span> <span class='ocrx_word' id='word_1_194' title='bbox 636 1675 708 1732; x_wconf 89' lang='lat' dir='ltr'><strong>sunt</strong></span> <span class='ocrx_word' id='word_1_195' title='bbox 727 1671 788 1732; x_wconf 86' lang='lat' dir='ltr'><strong>duo</strong></span> <span class='ocrx_word' id='word_1_196' title='bbox 813 1685 934 1732; x_wconf 88' lang='lat' dir='ltr'><strong>errores</strong></span> <span class='ocrx_word' id='word_1_197' title='bbox 949 1715 974 1760; x_wconf 61' lang='grc'><strong>,,</strong></span> <span class='ocrx_word' id='word_1_198' title='bbox 1003 1676 1096 1755; x_wconf 91' lang='lat' dir='ltr'><strong>plane</strong></span> <span class='ocrx_word' id='word_1_199' title='bbox 1110 1674 1226 1738; x_wconf 89' lang='lat' dir='ltr'><strong>doloris</strong></span> <span class='ocrx_word' id='word_1_200' title='bbox 1240 1675 1345 1737; x_wconf 90' lang='lat' dir='ltr'><strong>sentit.</strong></span> <span class='ocrx_word' id='word_1_201' title='bbox 1371 1673 1451 1736; x_wconf 87' lang='lat' dir='ltr'><strong>Hinc</strong></span> <span class='ocrx_word' id='word_1_202' title='bbox 1483 1679 1584 1736; x_wconf 90' lang='lat' dir='ltr'><strong>tamen</strong></span> <span class='ocrx_word' id='word_1_203' title='bbox 1607 1685 1667 1733; x_wconf 92' lang='lat' dir='ltr'><strong>non</strong></span> <span class='ocrx_word' id='word_1_204' title='bbox 1697 1671 1860 1748; x_wconf 91' lang='lat' dir='ltr'><strong>sequitur,</strong></span> 
     </span>
     <span class='ocr_line' id='line_1_17' title="bbox 101 1752 1863 1838; baseline -0.002 -20"><span class='ocrx_word' id='word_1_205' title='bbox 101 1773 181 1832; x_wconf 90' lang='lat' dir='ltr'><strong>quos</strong></span> <span class='ocrx_word' id='word_1_206' title='bbox 203 1757 345 1838; x_wconf 85' lang='lat' dir='ltr'><strong>rejicitd.</strong></span> <span class='ocrx_word' id='word_1_207' title='bbox 362 1757 552 1836; x_wconf 75' lang='lat' dir='ltr'><strong>Augustinus</strong></span> <span class='ocrx_word' id='word_1_208' title='bbox 568 1752 622 1814; x_wconf 90' lang='lat' dir='ltr'><strong>lib.</strong></span> <span class='ocrx_word' id='word_1_209' title='bbox 650 1753 689 1813; x_wconf 93' lang='lat' dir='ltr'><strong>de</strong></span> <span class='ocrx_word' id='word_1_210' title='bbox 714 1769 787 1814; x_wconf 91' lang='lat' dir='ltr'><strong>cura</strong></span> <span class='ocrx_word' id='word_1_211' title='bbox 809 1767 865 1832; x_wconf 90' lang='lat' dir='ltr'><strong>pro</strong></span> <span class='ocrx_word' id='word_1_212' title='bbox 879 1766 960 1814; x_wconf 91' lang='lat' dir='ltr'><strong>mor·</strong></span> <span class='ocrx_word' id='word_1_213' title='bbox 1004 1775 1065 1821; x_wconf 92' lang='lat' dir='ltr'><strong>non</strong></span> <span class='ocrx_word' id='word_1_214' title='bbox 1079 1774 1149 1822; x_wconf 91' lang='lat' dir='ltr'><strong>esse</strong></span> <span class='ocrx_word' id='word_1_215' title='bbox 1171 1757 1301 1837; x_wconf 90' lang='lat' dir='ltr'><strong>aliquam</strong></span> <span class='ocrx_word' id='word_1_216' title='bbox 1318 1758 1559 1838; x_wconf 80' lang='lat' dir='ltr'><strong>eleorncsgnarn,</strong></span> <span class='ocrx_word' id='word_1_217' title='bbox 1583 1754 1759 1817; x_wconf 89' lang='lat' dir='ltr'><strong>satislacere</strong></span> <span class='ocrx_word' id='word_1_218' title='bbox 1783 1752 1863 1814; x_wconf 89' lang='lat' dir='ltr'><strong>desi·</strong></span> 
     </span>
     <span class='ocr_line' id='line_1_18' title="bbox 104 1834 1862 1919; baseline -0.01 -5"><span class='ocrx_word' id='word_1_219' title='bbox 104 1842 176 1913; x_wconf 65' lang='lat'><strong>¹⁰1⁵.</strong></span> <span class='ocrx_word' id='word_1_220' title='bbox 197 1857 266 1918; x_wconf 73' lang='grc' dir='ltr'>θοι).</span> <span class='ocrx_word' id='word_1_221' title='bbox 280 1840 313 1904; x_wconf 83' lang='grc'><strong>2.</strong></span> <span class='ocrx_word' id='word_1_222' title='bbox 331 1838 426 1912; x_wconf 91' lang='lat' dir='ltr'><strong>Unus,</strong></span> <span class='ocrx_word' id='word_1_223' title='bbox 443 1853 505 1918; x_wconf 91' lang='lat' dir='ltr'><strong>quo</strong></span> <span class='ocrx_word' id='word_1_224' title='bbox 520 1834 634 1898; x_wconf 90' lang='lat' dir='ltr'><strong>ethnici</strong></span> <span class='ocrx_word' id='word_1_225' title='bbox 657 1835 802 1914; x_wconf 89' lang='lat' dir='ltr'><strong>putabant</strong></span> <span class='ocrx_word' id='word_1_226' title='bbox 822 1836 961 1914; x_wconf 88' lang='lat' dir='ltr'><strong>sepultu-</strong></span> <span class='ocrx_word' id='word_1_227' title='bbox 1005 1841 1090 1904; x_wconf 87' lang='lat' dir='ltr'><strong>derio</strong></span> <span class='ocrx_word' id='word_1_228' title='bbox 1107 1838 1251 1915; x_wconf 82' lang='lat' dir='ltr'><strong>hominia,</strong></span> <span class='ocrx_word' id='word_1_229' title='bbox 1265 1841 1346 1919; x_wconf 91' lang='lat' dir='ltr'><strong>quod</strong></span> <span class='ocrx_word' id='word_1_230' title='bbox 1372 1840 1478 1902; x_wconf 90' lang='lat' dir='ltr'><strong>habuit</strong></span> <span class='ocrx_word' id='word_1_231' title='bbox 1493 1839 1565 1900; x_wconf 92' lang='lat' dir='ltr'><strong>durn</strong></span> <span class='ocrx_word' id='word_1_232' title='bbox 1591 1837 1716 1908; x_wconf 78' lang='lat' dir='ltr'><strong>vireret,</strong></span> <span class='ocrx_word' id='word_1_233' title='bbox 1733 1837 1862 1914; x_wconf 85' lang='lat' dir='ltr'><strong>siquod</strong></span> 
     </span>
     <span class='ocr_line' id='line_1_19' title="bbox 100 1918 1861 2002; baseline -0.002 -18"><span class='ocrx_word' id='word_1_234' title='bbox 100 1939 166 1984; x_wconf 91' lang='lat' dir='ltr'><strong>ram</strong></span> <span class='ocrx_word' id='word_1_235' title='bbox 182 1938 253 1984; x_wconf 88' lang='lat' dir='ltr'><strong>esse</strong></span> <span class='ocrx_word' id='word_1_236' title='bbox 269 1922 488 1993; x_wconf 86' lang='lat' dir='ltr'><strong>necessariam,</strong></span> <span class='ocrx_word' id='word_1_237' title='bbox 502 1924 534 1982; x_wconf 93' lang='lat' dir='ltr'><strong>ut</strong></span> <span class='ocrx_word' id='word_1_238' title='bbox 548 1918 667 1979; x_wconf 88' lang='lat' dir='ltr'><strong>animae</strong></span> <span class='ocrx_word' id='word_1_239' title='bbox 679 1921 877 1998; x_wconf 89' lang='lat' dir='ltr'><strong>requiescere</strong></span> <span class='ocrx_word' id='word_1_240' title='bbox 889 1933 962 1996; x_wconf 85' lang='lat' dir='ltr'><strong>poa·</strong></span> <span class='ocrx_word' id='word_1_241' title='bbox 1003 1924 1081 1987; x_wconf 83' lang='lat' dir='ltr'><strong>torte</strong></span> <span class='ocrx_word' id='word_1_242' title='bbox 1096 1925 1196 1986; x_wconf 89' lang='lat' dir='ltr'><strong>adhuc</strong></span> <span class='ocrx_word' id='word_1_243' title='bbox 1210 1922 1314 1997; x_wconf 88' lang='lat' dir='ltr'><strong>habet,</strong></span> <span class='ocrx_word' id='word_1_244' title='bbox 1331 1927 1364 1985; x_wconf 91' lang='lat' dir='ltr'><strong>ui</strong></span> <span class='ocrx_word' id='word_1_245' title='bbox 1378 1937 1492 2002; x_wconf 89' lang='lat' dir='ltr'><strong>corpus</strong></span> <span class='ocrx_word' id='word_1_246' title='bbox 1506 1936 1597 1984; x_wconf 91' lang='lat' dir='ltr'><strong>suum</strong></span> <span class='ocrx_word' id='word_1_247' title='bbox 1612 1919 1791 1998; x_wconf 87' lang='lat' dir='ltr'><strong>sepeliatur.</strong></span> <span class='ocrx_word' id='word_1_248' title='bbox 1808 1919 1861 1981; x_wconf 83' lang='lat' dir='ltr'><strong>Se·</strong></span> 
     </span>
     <span class='ocr_line' id='line_1_20' title="bbox 105 1999 1860 2084; baseline -0.003 -17"><span class='ocrx_word' id='word_1_249' title='bbox 105 2010 187 2079; x_wconf 89' lang='lat' dir='ltr'><strong>seni,</strong></span> <span class='ocrx_word' id='word_1_250' title='bbox 201 2005 284 2084; x_wconf 84' lang='lat' dir='ltr'><strong>juxta</strong></span> <span class='ocrx_word' id='word_1_251' title='bbox 297 2003 417 2068; x_wconf 82' lang='lat' dir='ltr'><strong>iabulas</strong></span> <span class='ocrx_word' id='word_1_252' title='bbox 438 2001 555 2082; x_wconf 77' lang='lat' dir='ltr'><strong>Virgilii</strong></span> <span class='ocrx_word' id='word_1_253' title='bbox 571 2001 602 2062; x_wconf 84' lang='lat' dir='ltr'><strong>b.</strong></span> <span class='ocrx_word' id='word_1_254' title='bbox 618 1999 782 2062; x_wconf 77' lang='lat' dir='ltr'><strong>Aeneidos.</strong></span> <span class='ocrx_word' id='word_1_255' title='bbox 798 1999 880 2062; x_wconf 87' lang='lat' dir='ltr'><strong>Alter</strong></span> <span class='ocrx_word' id='word_1_256' title='bbox 894 2005 959 2075; x_wconf 91' lang='lat' dir='ltr'><strong>esi,</strong></span> <span class='ocrx_word' id='word_1_257' title='bbox 1005 2001 1106 2068; x_wconf 85' lang='lat' dir='ltr'><strong>cundo</strong></span> <span class='ocrx_word' id='word_1_258' title='bbox 1121 2005 1203 2079; x_wconf 83' lang='lat' dir='ltr'><strong>dico,</strong></span> <span class='ocrx_word' id='word_1_259' title='bbox 1218 2005 1303 2083; x_wconf 87' lang='lat' dir='ltr'><strong>loqui</strong></span> <span class='ocrx_word' id='word_1_260' title='bbox 1319 2003 1496 2084; x_wconf 79' lang='lat' dir='ltr'><strong>pontificem</strong></span> <span class='ocrx_word' id='word_1_261' title='bbox 1524 2005 1557 2064; x_wconf 92' lang='lat' dir='ltr'><strong>in</strong></span> <span class='ocrx_word' id='word_1_262' title='bbox 1586 2018 1621 2065; x_wconf 91' lang='lat' dir='ltr'><strong>ea</strong></span> <span class='ocrx_word' id='word_1_263' title='bbox 1649 2001 1795 2064; x_wconf 80' lang='lat' dir='ltr'><strong>decretali</strong></span> <span class='ocrx_word' id='word_1_264' title='bbox 1821 2001 1860 2062; x_wconf 90' lang='lat' dir='ltr'><strong>dc</strong></span> 
     </span>
     <span class='ocr_line' id='line_1_21' title="bbox 103 2081 1863 2167; baseline -0.002 -19"><span class='ocrx_word' id='word_1_265' title='bbox 103 2104 166 2166; x_wconf 91' lang='lat' dir='ltr'><strong>quc</strong></span> <span class='ocrx_word' id='word_1_266' title='bbox 179 2090 248 2166; x_wconf 90' lang='lat' dir='ltr'><strong>quis</strong></span> <span class='ocrx_word' id='word_1_267' title='bbox 264 2093 369 2167; x_wconf 89' lang='lat' dir='ltr'><strong>putare</strong></span> <span class='ocrx_word' id='word_1_268' title='bbox 382 2092 487 2164; x_wconf 88' lang='lat' dir='ltr'><strong>posset</strong></span> <span class='ocrx_word' id='word_1_269' title='bbox 502 2087 531 2147; x_wconf 94' lang='lat' dir='ltr'><strong>in</strong></span> <span class='ocrx_word' id='word_1_270' title='bbox 554 2082 734 2162; x_wconf 83' lang='lat' dir='ltr'><strong>corporibus</strong></span> <span class='ocrx_word' id='word_1_271' title='bbox 749 2081 962 2146; x_wconf 84' lang='lat' dir='ltr'><strong>detunctorum</strong></span> <span class='ocrx_word' id='word_1_272' title='bbox 1005 2088 1134 2152; x_wconf 91' lang='lat' dir='ltr'><strong>utilitate</strong></span> <span class='ocrx_word' id='word_1_273' title='bbox 1148 2089 1186 2150; x_wconf 93' lang='lat' dir='ltr'><strong>ad</strong></span> <span class='ocrx_word' id='word_1_274' title='bbox 1201 2089 1332 2166; x_wconf 82' lang='lat' dir='ltr'><strong>salutem</strong></span> <span class='ocrx_word' id='word_1_275' title='bbox 1347 2093 1514 2157; x_wconf 86' lang='lat' dir='ltr'><strong>aeternam,</strong></span> <span class='ocrx_word' id='word_1_276' title='bbox 1531 2102 1567 2148; x_wconf 90' lang='lat' dir='ltr'><strong>ac</strong></span> <span class='ocrx_word' id='word_1_277' title='bbox 1578 2087 1702 2160; x_wconf 87' lang='lat' dir='ltr'><strong>docere,</strong></span> <span class='ocrx_word' id='word_1_278' title='bbox 1727 2099 1784 2146; x_wconf 88' lang='lat' dir='ltr'><strong>nec</strong></span> <span class='ocrx_word' id='word_1_279' title='bbox 1807 2099 1863 2159; x_wconf 92' lang='lat' dir='ltr'><strong>per</strong></span> 
     </span>
     <span class='ocr_line' id='line_1_22' title="bbox 99 2163 1864 2251; baseline -0.002 -21"><span class='ocrx_word' id='word_1_280' title='bbox 99 2171 206 2232; x_wconf 27' lang='lat' dir='ltr'><strong>,adliuc</strong></span> <span class='ocrx_word' id='word_1_281' title='bbox 218 2186 345 2232; x_wconf 89' lang='lat' dir='ltr'><strong>sensum</strong></span> <span class='ocrx_word' id='word_1_282' title='bbox 358 2171 490 2250; x_wconf 87' lang='lat' dir='ltr'><strong>aliquem</strong></span> <span class='ocrx_word' id='word_1_283' title='bbox 506 2168 622 2228; x_wconf 82' lang='lat' dir='ltr'><strong>inesse.</strong></span> <span class='ocrx_word' id='word_1_284' title='bbox 1005 2187 1041 2234; x_wconf 90' lang='lat' dir='ltr'><strong>se</strong></span> <span class='ocrx_word' id='word_1_285' title='bbox 1053 2172 1202 2251; x_wconf 83' lang='lat' dir='ltr'><strong>prodesse</strong></span> <span class='ocrx_word' id='word_1_286' title='bbox 1216 2169 1427 2250; x_wconf 86' lang='lat' dir='ltr'><strong>sepulturam.¹</strong></span> <span class='ocrx_word' id='word_1_287' title='bbox 1442 2185 1500 2230; x_wconf 91' lang='lat' dir='ltr'><strong>nec</strong></span> <span class='ocrx_word' id='word_1_288' title='bbox 1516 2184 1570 2248; x_wconf 90' lang='lat' dir='ltr'><strong>per</strong></span> <span class='ocrx_word' id='word_1_289' title='bbox 1584 2183 1619 2230; x_wconf 87' lang='lat' dir='ltr'><strong>se</strong></span> <span class='ocrx_word' id='word_1_290' title='bbox 1634 2167 1747 2229; x_wconf 88' lang='lat' dir='ltr'><strong>obesse</strong></span> <span class='ocrx_word' id='word_1_291' title='bbox 1762 2163 1801 2227; x_wconf 90' lang='lat' dir='ltr'><strong>ad</strong></span> <span class='ocrx_word' id='word_1_292' title='bbox 1816 2182 1864 2227; x_wconf 91' lang='lat' dir='ltr'><strong>sa·</strong></span> 
     </span>
     <span class='ocr_line' id='line_1_23' title="bbox 148 2245 1864 2334; baseline -0.002 -21"><span class='ocrx_word' id='word_1_293' title='bbox 148 2251 202 2314; x_wconf 91' lang='lat' dir='ltr'><strong>His</strong></span> <span class='ocrx_word' id='word_1_294' title='bbox 217 2251 341 2334; x_wconf 79' lang='lat' dir='ltr'><strong>rejectis</strong></span> <span class='ocrx_word' id='word_1_295' title='bbox 356 2249 660 2322; x_wconf 89' lang='lat' dir='ltr'><strong>erroribus,dicimus</strong></span> <span class='ocrx_word' id='word_1_296' title='bbox 675 2245 874 2326; x_wconf 81' lang='lat' dir='ltr'><strong>multiplicem</strong></span> <span class='ocrx_word' id='word_1_297' title='bbox 890 2261 962 2310; x_wconf 91' lang='lat' dir='ltr'><strong>esse</strong></span> <span class='ocrx_word' id='word_1_298' title='bbox 1005 2251 1558 2334; x_wconf 79' lang='lat' dir='ltr'><strong>tutemconsequendam,quamquam</strong></span> <span class='ocrx_word' id='word_1_299' title='bbox 1570 2265 1627 2329; x_wconf 90' lang='lat' dir='ltr'><strong>per</strong></span> <span class='ocrx_word' id='word_1_300' title='bbox 1638 2251 1784 2312; x_wconf 89' lang='lat' dir='ltr'><strong>accidens</strong></span> <span class='ocrx_word' id='word_1_301' title='bbox 1796 2264 1864 2326; x_wconf 92' lang='lat' dir='ltr'><strong>pro·</strong></span> 
     </span>
     <span class='ocr_line' id='line_1_24' title="bbox 107 2328 1863 2415; baseline -0.003 -19"><span class='ocrx_word' id='word_1_302' title='bbox 107 2336 268 2406; x_wconf 80' lang='lat' dir='ltr'><strong>utilitatem</strong></span> <span class='ocrx_word' id='word_1_303' title='bbox 281 2336 471 2415; x_wconf 82' lang='lat' dir='ltr'><strong>sepulturae,</strong></span> <span class='ocrx_word' id='word_1_304' title='bbox 488 2341 546 2393; x_wconf 89' lang='lat' dir='ltr'><strong>tam</strong></span> <span class='ocrx_word' id='word_1_305' title='bbox 563 2331 660 2398; x_wconf 77' lang='lat' dir='ltr'><strong>liris.</strong></span> <span class='ocrx_word' id='word_1_306' title='bbox 677 2343 767 2408; x_wconf 89' lang='lat' dir='ltr'><strong>quarn</strong></span> <span class='ocrx_word' id='word_1_307' title='bbox 781 2328 935 2392; x_wconf 80' lang='lat' dir='ltr'><strong>defunctis</strong></span> <span class='ocrx_word' id='word_1_308' title='bbox 952 2346 960 2392; x_wconf 74' lang='grc' dir='ltr'><strong><em>ε</em></strong></span> <span class='ocrx_word' id='word_1_309' title='bbox 1006 2339 1098 2400; x_wconf 87' lang='lat' dir='ltr'><strong>desae</strong></span> <span class='ocrx_word' id='word_1_310' title='bbox 1115 2341 1226 2414; x_wconf 87' lang='lat' dir='ltr'><strong>potest,</strong></span> <span class='ocrx_word' id='word_1_311' title='bbox 1253 2341 1287 2397; x_wconf 91' lang='lat' dir='ltr'><strong>ut</strong></span> <span class='ocrx_word' id='word_1_312' title='bbox 1298 2333 1443 2410; x_wconf 83' lang='lat' dir='ltr'><strong>diximus,</strong></span> <span class='ocrx_word' id='word_1_313' title='bbox 1460 2333 1576 2396; x_wconf 89' lang='lat' dir='ltr'><strong>ratione</strong></span> <span class='ocrx_word' id='word_1_314' title='bbox 1603 2347 1731 2411; x_wconf 90' lang='lat' dir='ltr'><strong>precum</strong></span> <span class='ocrx_word' id='word_1_315' title='bbox 1751 2332 1863 2393; x_wconf 89' lang='lat' dir='ltr'><strong>amieo·</strong></span> 
     </span>
     <span class='ocr_line' id='line_1_25' title="bbox 106 2411 1866 2498; baseline -0.002 -21"><span class='ocrx_word' id='word_1_316' title='bbox 106 2419 226 2480; x_wconf 89' lang='lat' dir='ltr'><strong>etriris</strong></span> <span class='ocrx_word' id='word_1_317' title='bbox 240 2417 364 2498; x_wconf 87' lang='lat' dir='ltr'><strong>quidem</strong></span> <span class='ocrx_word' id='word_1_318' title='bbox 376 2415 623 2498; x_wconf 89' lang='lat' dir='ltr'><strong>quadruplicem.</strong></span> <span class='ocrx_word' id='word_1_319' title='bbox 640 2411 780 2486; x_wconf 87' lang='lat' dir='ltr'><strong>Primam,</strong></span> <span class='ocrx_word' id='word_1_320' title='bbox 805 2414 887 2494; x_wconf 90' lang='lat' dir='ltr'><strong>qood</strong></span> <span class='ocrx_word' id='word_1_321' title='bbox 908 2427 965 2493; x_wconf 84' lang='lat' dir='ltr'><strong>per</strong></span> <span class='ocrx_word' id='word_1_322' title='bbox 1007 2435 1087 2484; x_wconf 91' lang='lat' dir='ltr'><strong>rum.</strong></span> <span class='ocrx_word' id='word_1_323' title='bbox 1103 2418 1206 2482; x_wconf 83' lang='lat' dir='ltr'><strong>&#39;lertio</strong></span> <span class='ocrx_word' id='word_1_324' title='bbox 1231 2417 1314 2480; x_wconf 89' lang='lat' dir='ltr'><strong>idem</strong></span> <span class='ocrx_word' id='word_1_325' title='bbox 1329 2418 1411 2488; x_wconf 82' lang='lat' dir='ltr'><strong>dico.</strong></span> <span class='ocrx_word' id='word_1_326' title='bbox 1439 2416 1629 2494; x_wconf 87' lang='lat' dir='ltr'><strong>Augustinus</strong></span> <span class='ocrx_word' id='word_1_327' title='bbox 1651 2416 1734 2476; x_wconf 89' lang='lat' dir='ltr'><strong>onim</strong></span> <span class='ocrx_word' id='word_1_328' title='bbox 1765 2414 1866 2476; x_wconf 88' lang='lat' dir='ltr'><strong>solum</strong></span> 
     </span>
     <span class='ocr_line' id='line_1_26' title="bbox 106 2495 1866 2582; baseline -0.002 -21"><span class='ocrx_word' id='word_1_329' title='bbox 106 2501 297 2579; x_wconf 87' lang='lat' dir='ltr'><strong>sepulturam</strong></span> <span class='ocrx_word' id='word_1_330' title='bbox 319 2506 439 2563; x_wconf 80' lang='lat' dir='ltr'><strong>arcebar</strong></span> <span class='ocrx_word' id='word_1_331' title='bbox 452 2499 548 2560; x_wconf 89' lang='lat' dir='ltr'><strong>luctor</strong></span> <span class='ocrx_word' id='word_1_332' title='bbox 577 2503 608 2556; x_wconf 90' lang='lat' dir='ltr'><strong>et</strong></span> <span class='ocrx_word' id='word_1_333' title='bbox 635 2495 741 2556; x_wconf 88' lang='lat' dir='ltr'><strong>lrorror</strong></span> <span class='ocrx_word' id='word_1_334' title='bbox 765 2499 963 2573; x_wconf 87' lang='lat' dir='ltr'><strong>cadarerum,</strong></span> <span class='ocrx_word' id='word_1_335' title='bbox 1007 2503 1099 2566; x_wconf 87' lang='lat' dir='ltr'><strong>docet</strong></span> <span class='ocrx_word' id='word_1_336' title='bbox 1111 2501 1299 2582; x_wconf 89' lang='lat' dir='ltr'><strong>sepulturam</strong></span> <span class='ocrx_word' id='word_1_337' title='bbox 1314 2515 1370 2578; x_wconf 90' lang='lat' dir='ltr'><strong>per</strong></span> <span class='ocrx_word' id='word_1_338' title='bbox 1381 2517 1415 2562; x_wconf 89' lang='lat' dir='ltr'><strong>sa</strong></span> <span class='ocrx_word' id='word_1_339' title='bbox 1428 2514 1488 2564; x_wconf 92' lang='lat' dir='ltr'><strong>non</strong></span> <span class='ocrx_word' id='word_1_340' title='bbox 1502 2514 1572 2564; x_wconf 88' lang='lat' dir='ltr'><strong>esse</strong></span> <span class='ocrx_word' id='word_1_341' title='bbox 1588 2496 1774 2578; x_wconf 85' lang='lat' dir='ltr'><strong>praesidium</strong></span> <span class='ocrx_word' id='word_1_342' title='bbox 1787 2512 1866 2556; x_wconf 88' lang='lat' dir='ltr'><strong>mor·-</strong></span> 
     </span>
     <span class='ocr_line' id='line_1_27' title="bbox 106 2579 1868 2662; baseline -0.003 -18"><span class='ocrx_word' id='word_1_343' title='bbox 106 2599 187 2662; x_wconf 90' lang='lat' dir='ltr'><strong>quae</strong></span> <span class='ocrx_word' id='word_1_344' title='bbox 203 2595 264 2644; x_wconf 90' lang='lat' dir='ltr'><strong>non</strong></span> <span class='ocrx_word' id='word_1_345' title='bbox 280 2599 386 2662; x_wconf 88' lang='lat' dir='ltr'><strong>parurn</strong></span> <span class='ocrx_word' id='word_1_346' title='bbox 402 2579 476 2644; x_wconf 86' lang='lat' dir='ltr'><strong>rtrts</strong></span> <span class='ocrx_word' id='word_1_347' title='bbox 491 2583 648 2641; x_wconf 78' lang='lat' dir='ltr'><strong>nocerent·</strong></span> <span class='ocrx_word' id='word_1_348' title='bbox 1008 2591 1141 2658; x_wconf 88' lang='lat' dir='ltr'><strong>tuorum,</strong></span> <span class='ocrx_word' id='word_1_349' title='bbox 1157 2583 1194 2646; x_wconf 91' lang='lat' dir='ltr'><strong>ad</strong></span> <span class='ocrx_word' id='word_1_350' title='bbox 1209 2583 1300 2647; x_wconf 86' lang='lat' dir='ltr'><strong>rilem</strong></span> <span class='ocrx_word' id='word_1_351' title='bbox 1312 2590 1466 2648; x_wconf 91' lang='lat' dir='ltr'><strong>aeternam</strong></span> <span class='ocrx_word' id='word_1_352' title='bbox 1483 2579 1805 2661; x_wconf 89' lang='lat' dir='ltr'><strong>consequendam‚sed</strong></span> <span class='ocrx_word' id='word_1_353' title='bbox 1819 2594 1868 2640; x_wconf 89' lang='lat' dir='ltr'><strong>so·</strong></span> 
     </span>
     <span class='ocr_line' id='line_1_28' title="bbox 149 2660 1867 2746; baseline -0.003 -20"><span class='ocrx_word' id='word_1_354' title='bbox 149 2665 333 2740; x_wconf 83' lang='lat' dir='ltr'><strong>secundam,</strong></span> <span class='ocrx_word' id='word_1_355' title='bbox 352 2665 433 2742; x_wconf 92' lang='lat' dir='ltr'><strong>quod</strong></span> <span class='ocrx_word' id='word_1_356' title='bbox 456 2678 493 2725; x_wconf 91' lang='lat' dir='ltr'><strong>eo</strong></span> <span class='ocrx_word' id='word_1_357' title='bbox 515 2661 615 2724; x_wconf 91' lang='lat' dir='ltr'><strong>studio</strong></span> <span class='ocrx_word' id='word_1_358' title='bbox 639 2664 785 2722; x_wconf 88' lang='lat' dir='ltr'><strong>testantur</strong></span> <span class='ocrx_word' id='word_1_359' title='bbox 799 2661 856 2722; x_wconf 86' lang='lat' dir='ltr'><strong>riri</strong></span> <span class='ocrx_word' id='word_1_360' title='bbox 871 2660 963 2724; x_wconf 89' lang='lat' dir='ltr'><strong>iidem</strong></span> <span class='ocrx_word' id='word_1_361' title='bbox 1006 2669 1117 2730; x_wconf 91' lang='lat' dir='ltr'><strong>larium</strong></span> <span class='ocrx_word' id='word_1_362' title='bbox 1131 2667 1278 2728; x_wconf 83' lang='lat' dir='ltr'><strong>virorum:</strong></span> <span class='ocrx_word' id='word_1_363' title='bbox 1294 2671 1393 2728; x_wconf 87' lang='lat' dir='ltr'><strong>tamen</strong></span> <span class='ocrx_word' id='word_1_364' title='bbox 1410 2664 1493 2746; x_wconf 89' lang='lat' dir='ltr'><strong>quod</strong></span> <span class='ocrx_word' id='word_1_365' title='bbox 1508 2680 1563 2744; x_wconf 89' lang='lat' dir='ltr'><strong>por</strong></span> <span class='ocrx_word' id='word_1_366' title='bbox 1584 2662 1730 2726; x_wconf 88' lang='lat' dir='ltr'><strong>occidens</strong></span> <span class='ocrx_word' id='word_1_367' title='bbox 1745 2661 1843 2742; x_wconf 92' lang='lat' dir='ltr'><strong>prosit</strong></span> <span class='ocrx_word' id='word_1_368' title='bbox 1860 2708 1867 2736; x_wconf 91' lang='lat'><strong>,</strong></span> 
     </span>
     <span class='ocr_line' id='line_1_29' title="bbox 107 2741 1388 2832; baseline -0.001 -25"><span class='ocrx_word' id='word_1_369' title='bbox 107 2749 354 2825; x_wconf 87' lang='lat' dir='ltr'><strong>resurrectionis,</strong></span> <span class='ocrx_word' id='word_1_370' title='bbox 369 2756 399 2810; x_wconf 90' lang='lat' dir='ltr'><strong>et</strong></span> <span class='ocrx_word' id='word_1_371' title='bbox 412 2741 645 2810; x_wconf 86' lang='lat' dir='ltr'><strong>immortalitatis</strong></span> <span class='ocrx_word' id='word_1_372' title='bbox 660 2741 839 2822; x_wconf 81' lang='lat' dir='ltr'><strong>animarum3</strong></span> <span class='ocrx_word' id='word_1_373' title='bbox 857 2760 916 2806; x_wconf 93' lang='lat' dir='ltr'><strong>non</strong></span> <span class='ocrx_word' id='word_1_374' title='bbox 933 2759 964 2806; x_wconf 90' lang='lat' dir='ltr'><strong>e·</strong></span> <span class='ocrx_word' id='word_1_375' title='bbox 1008 2751 1141 2832; x_wconf 83' lang='lat' dir='ltr'><strong>ipsemet</strong></span> <span class='ocrx_word' id='word_1_376' title='bbox 1154 2748 1247 2812; x_wconf 87' lang='lat' dir='ltr'><strong>docet</strong></span> <span class='ocrx_word' id='word_1_377' title='bbox 1258 2748 1388 2812; x_wconf 89' lang='lat' dir='ltr'><strong>ibidem.</strong></span> 
     </span>
     <span class='ocr_line' id='line_1_30' title="bbox 108 2825 1866 2909; baseline -0.002 -20"><span class='ocrx_word' id='word_1_378' title='bbox 108 2829 173 2890; x_wconf 94' lang='lat' dir='ltr'><strong>nirn</strong></span> <span class='ocrx_word' id='word_1_379' title='bbox 198 2834 259 2891; x_wconf 88' lang='lat' dir='ltr'><strong>tarn</strong></span> <span class='ocrx_word' id='word_1_380' title='bbox 281 2829 444 2909; x_wconf 87' lang='lat' dir='ltr'><strong>diligenter</strong></span> <span class='ocrx_word' id='word_1_381' title='bbox 476 2841 605 2906; x_wconf 89' lang='lat' dir='ltr'><strong>corpora</strong></span> <span class='ocrx_word' id='word_1_382' title='bbox 632 2829 818 2888; x_wconf 87' lang='lat' dir='ltr'><strong>mortuorum</strong></span> <span class='ocrx_word' id='word_1_383' title='bbox 841 2842 964 2890; x_wconf 86' lang='lat' dir='ltr'><strong>curare·</strong></span> <span class='ocrx_word' id='word_1_384' title='bbox 1047 2832 1093 2895; x_wconf 90' lang='lat' dir='ltr'><strong>Ad</strong></span> <span class='ocrx_word' id='word_1_385' title='bbox 1107 2831 1188 2894; x_wconf 91' lang='lat' dir='ltr'><strong>aliud</strong></span> <span class='ocrx_word' id='word_1_386' title='bbox 1204 2846 1242 2894; x_wconf 82' lang='lat' dir='ltr'><strong>ex</strong></span> <span class='ocrx_word' id='word_1_387' title='bbox 1256 2830 1388 2894; x_wconf 90' lang='lat' dir='ltr'><strong>concilio</strong></span> <span class='ocrx_word' id='word_1_388' title='bbox 1410 2828 1597 2900; x_wconf 91' lang='lat' dir='ltr'><strong>elibertino,</strong></span> <span class='ocrx_word' id='word_1_389' title='bbox 1621 2831 1807 2906; x_wconf 88' lang='lat' dir='ltr'><strong>respondeo.</strong></span> <span class='ocrx_word' id='word_1_390' title='bbox 1832 2825 1866 2886; x_wconf 93' lang='lat' dir='ltr'><strong>ln</strong></span> 
     </span>
     <span class='ocr_line' id='line_1_31' title="bbox 106 2907 1868 2992; baseline -0.001 -20"><span class='ocrx_word' id='word_1_391' title='bbox 106 2929 190 2982; x_wconf 87' lang='lat' dir='ltr'><strong>mus,</strong></span> <span class='ocrx_word' id='word_1_392' title='bbox 208 2913 267 2974; x_wconf 91' lang='lat' dir='ltr'><strong>nisi</strong></span> <span class='ocrx_word' id='word_1_393' title='bbox 279 2919 456 2992; x_wconf 88' lang='lat' dir='ltr'><strong>putaremus</strong></span> <span class='ocrx_word' id='word_1_394' title='bbox 467 2925 503 2972; x_wconf 90' lang='lat' dir='ltr'><strong>ea</strong></span> <span class='ocrx_word' id='word_1_395' title='bbox 517 2907 845 2990; x_wconf 81' lang='lat' dir='ltr'><strong>resurrecturalleque</strong></span> <span class='ocrx_word' id='word_1_396' title='bbox 857 2925 965 2974; x_wconf 90' lang='lat' dir='ltr'><strong>cereos</strong></span> <span class='ocrx_word' id='word_1_397' title='bbox 1009 2914 1040 2976; x_wconf 92' lang='lat' dir='ltr'><strong>in</strong></span> <span class='ocrx_word' id='word_1_398' title='bbox 1057 2929 1094 2977; x_wconf 87' lang='lat' dir='ltr'><strong>eo</strong></span> <span class='ocrx_word' id='word_1_399' title='bbox 1123 2913 1254 2976; x_wconf 88' lang='lat' dir='ltr'><strong>concilio</strong></span> <span class='ocrx_word' id='word_1_400' title='bbox 1274 2913 1460 2992; x_wconf 86' lang='lat' dir='ltr'><strong>reprehendi</strong></span> <span class='ocrx_word' id='word_1_401' title='bbox 1482 2917 1513 2976; x_wconf 92' lang='lat' dir='ltr'><strong>ei</strong></span> <span class='ocrx_word' id='word_1_402' title='bbox 1534 2909 1690 2991; x_wconf 86' lang='lat' dir='ltr'><strong>prohiberi</strong></span> <span class='ocrx_word' id='word_1_403' title='bbox 1713 2925 1779 2972; x_wconf 83' lang='lat' dir='ltr'><strong>cani</strong></span> <span class='ocrx_word' id='word_1_404' title='bbox 1799 2926 1868 2971; x_wconf 89' lang='lat' dir='ltr'><strong>cac·</strong></span> 
     </span>
     <span class='ocr_line' id='line_1_32' title="bbox 106 2991 1869 3077; baseline -0.001 -23"><span class='ocrx_word' id='word_1_405' title='bbox 106 2994 423 3069; x_wconf 85' lang='lat' dir='ltr'><strong>accenderemus‚nisi</strong></span> <span class='ocrx_word' id='word_1_406' title='bbox 436 2991 554 3055; x_wconf 90' lang='lat' dir='ltr'><strong>animos</strong></span> <span class='ocrx_word' id='word_1_407' title='bbox 565 2993 887 3070; x_wconf 84' lang='lat' dir='ltr'><strong>virorepostmortem</strong></span> <span class='ocrx_word' id='word_1_408' title='bbox 899 3011 965 3058; x_wconf 90' lang='lat' dir='ltr'><strong>cor·</strong></span> <span class='ocrx_word' id='word_1_409' title='bbox 1009 2996 1189 3070; x_wconf 88' lang='lat' dir='ltr'><strong>romaniam,</strong></span> <span class='ocrx_word' id='word_1_410' title='bbox 1205 2995 1276 3074; x_wconf 90' lang='lat' dir='ltr'><strong>quia</strong></span> <span class='ocrx_word' id='word_1_411' title='bbox 1290 2995 1383 3060; x_wconf 85' lang='lat' dir='ltr'><strong>fiebat</strong></span> <span class='ocrx_word' id='word_1_412' title='bbox 1397 3012 1434 3059; x_wconf 85' lang='lat' dir='ltr'><strong>ex</strong></span> <span class='ocrx_word' id='word_1_413' title='bbox 1455 2993 1675 3077; x_wconf 88' lang='lat' dir='ltr'><strong>superstitione</strong></span> <span class='ocrx_word' id='word_1_414' title='bbox 1693 2991 1869 3072; x_wconf 85' lang='lat' dir='ltr'><strong>gentilium,</strong></span> 
     </span>
     <span class='ocr_line' id='line_1_33' title="bbox 107 3074 1868 3160; baseline -0.001 -23"><span class='ocrx_word' id='word_1_415' title='bbox 107 3092 219 3156; x_wconf 89' lang='lat' dir='ltr'><strong>porum</strong></span> <span class='ocrx_word' id='word_1_416' title='bbox 234 3076 409 3156; x_wconf 74' lang='lat' dir='ltr'><strong>significare</strong></span> <span class='ocrx_word' id='word_1_417' title='bbox 424 3076 585 3138; x_wconf 88' lang='lat' dir='ltr'><strong>vellemus.</strong></span> <span class='ocrx_word' id='word_1_418' title='bbox 1009 3079 1062 3160; x_wconf 94' lang='lat' dir='ltr'><strong>qui</strong></span> <span class='ocrx_word' id='word_1_419' title='bbox 1078 3079 1225 3158; x_wconf 91' lang='lat' dir='ltr'><strong>putabant</strong></span> <span class='ocrx_word' id='word_1_420' title='bbox 1245 3093 1372 3158; x_wconf 92' lang='lat' dir='ltr'><strong>corpora</strong></span> <span class='ocrx_word' id='word_1_421' title='bbox 1388 3084 1506 3142; x_wconf 89' lang='lat' dir='ltr'><strong>mortua</strong></span> <span class='ocrx_word' id='word_1_422' title='bbox 1530 3075 1646 3140; x_wconf 88' lang='lat' dir='ltr'><strong>sentire</strong></span> <span class='ocrx_word' id='word_1_423' title='bbox 1664 3074 1793 3155; x_wconf 87' lang='lat' dir='ltr'><strong>aliquid.</strong></span> <span class='ocrx_word' id='word_1_424' title='bbox 1811 3075 1868 3136; x_wconf 93' lang='lat' dir='ltr'><strong>ltlo</strong></span> 
     </span>
     <span class='ocr_line' id='line_1_34' title="bbox 151 3155 1868 3240; baseline -0.001 -20"><span class='ocrx_word' id='word_1_425' title='bbox 151 3159 294 3233; x_wconf 85' lang='lat' dir='ltr'><strong>Tertiam,</strong></span> <span class='ocrx_word' id='word_1_426' title='bbox 308 3158 390 3238; x_wconf 91' lang='lat' dir='ltr'><strong>quod</strong></span> <span class='ocrx_word' id='word_1_427' title='bbox 406 3159 608 3226; x_wconf 87' lang='lat' dir='ltr'><strong>admonentur</strong></span> <span class='ocrx_word' id='word_1_428' title='bbox 618 3155 760 3236; x_wconf 89' lang='lat' dir='ltr'><strong>propriae</strong></span> <span class='ocrx_word' id='word_1_429' title='bbox 776 3157 893 3234; x_wconf 90' lang='lat' dir='ltr'><strong>mortis,</strong></span> <span class='ocrx_word' id='word_1_430' title='bbox 911 3179 966 3222; x_wconf 91' lang='lat' dir='ltr'><strong>un·</strong></span> <span class='ocrx_word' id='word_1_431' title='bbox 1010 3169 1110 3224; x_wconf 90' lang='lat' dir='ltr'><strong>autern</strong></span> <span class='ocrx_word' id='word_1_432' title='bbox 1126 3177 1230 3224; x_wconf 88' lang='lat' dir='ltr'><strong>errore</strong></span> <span class='ocrx_word' id='word_1_433' title='bbox 1244 3164 1357 3240; x_wconf 90' lang='lat' dir='ltr'><strong>sopito,</strong></span> <span class='ocrx_word' id='word_1_434' title='bbox 1373 3178 1435 3224; x_wconf 92' lang='lat' dir='ltr'><strong>non</strong></span> <span class='ocrx_word' id='word_1_435' title='bbox 1451 3163 1499 3226; x_wconf 88' lang='lat' dir='ltr'><strong>est</strong></span> <span class='ocrx_word' id='word_1_436' title='bbox 1513 3160 1625 3222; x_wconf 90' lang='lat' dir='ltr'><strong>malum</strong></span> <span class='ocrx_word' id='word_1_437' title='bbox 1641 3158 1754 3220; x_wconf 88' lang='lat' dir='ltr'><strong>eadem·</strong></span> <span class='ocrx_word' id='word_1_438' title='bbox 1764 3173 1868 3220; x_wconf 86' lang='lat' dir='ltr'><strong>caere·</strong></span> 
     </span>
     <span class='ocr_line' id='line_1_35' title="bbox 108 3239 1866 3322; baseline -0.001 -20"><span class='ocrx_word' id='word_1_439' title='bbox 108 3241 150 3302; x_wconf 89' lang='lat' dir='ltr'><strong>dc</strong></span> <span class='ocrx_word' id='word_1_440' title='bbox 173 3241 263 3304; x_wconf 91' lang='lat' dir='ltr'><strong>etiam</strong></span> <span class='ocrx_word' id='word_1_441' title='bbox 285 3241 392 3306; x_wconf 92' lang='lat' dir='ltr'><strong>tumuli</strong></span> <span class='ocrx_word' id='word_1_442' title='bbox 413 3242 624 3304; x_wconf 78' lang='lat' dir='ltr'><strong>defunctorum</strong></span> <span class='ocrx_word' id='word_1_443' title='bbox 647 3240 831 3304; x_wconf 89' lang='lat' dir='ltr'><strong>monimenta</strong></span> <span class='ocrx_word' id='word_1_444' title='bbox 860 3243 966 3306; x_wconf 88' lang='lat' dir='ltr'><strong>dicun·</strong></span> <span class='ocrx_word' id='word_1_445' title='bbox 1011 3244 1110 3307; x_wconf 90' lang='lat' dir='ltr'><strong>monia</strong></span> <span class='ocrx_word' id='word_1_446' title='bbox 1125 3245 1167 3306; x_wconf 93' lang='lat' dir='ltr'><strong>uti</strong></span> <span class='ocrx_word' id='word_1_447' title='bbox 1183 3244 1223 3306; x_wconf 93' lang='lat' dir='ltr'><strong>ad</strong></span> <span class='ocrx_word' id='word_1_448' title='bbox 1237 3243 1329 3308; x_wconf 90' lang='lat' dir='ltr'><strong>alium</strong></span> <span class='ocrx_word' id='word_1_449' title='bbox 1349 3243 1453 3315; x_wconf 87' lang='lat' dir='ltr'><strong>linem,</strong></span> <span class='ocrx_word' id='word_1_450' title='bbox 1475 3243 1619 3306; x_wconf 91' lang='lat' dir='ltr'><strong>nimirum</strong></span> <span class='ocrx_word' id='word_1_451' title='bbox 1633 3242 1671 3304; x_wconf 92' lang='lat' dir='ltr'><strong>ad</strong></span> <span class='ocrx_word' id='word_1_452' title='bbox 1691 3239 1866 3322; x_wconf 91' lang='lat' dir='ltr'><strong>signillcan·</strong></span> 
     </span>
     <span class='ocr_line' id='line_1_36' title="bbox 110 3324 1869 3405; baseline -0.002 -19"><span class='ocrx_word' id='word_1_453' title='bbox 110 3331 171 3387; x_wconf 93' lang='lat' dir='ltr'><strong>tur.</strong></span> <span class='ocrx_word' id='word_1_454' title='bbox 1014 3329 1086 3389; x_wconf 90' lang='lat' dir='ltr'><strong>dum</strong></span> <span class='ocrx_word' id='word_1_455' title='bbox 1101 3325 1218 3389; x_wconf 88' lang='lat' dir='ltr'><strong>animas</strong></span> <span class='ocrx_word' id='word_1_456' title='bbox 1231 3326 1344 3404; x_wconf 82' lang='lat' dir='ltr'><strong>virere,</strong></span> <span class='ocrx_word' id='word_1_457' title='bbox 1360 3333 1391 3389; x_wconf 93' lang='lat' dir='ltr'><strong>ei</strong></span> <span class='ocrx_word' id='word_1_458' title='bbox 1405 3343 1462 3390; x_wconf 91' lang='lat' dir='ltr'><strong>suo</strong></span> <span class='ocrx_word' id='word_1_459' title='bbox 1478 3333 1615 3405; x_wconf 89' lang='lat' dir='ltr'><strong>tempore</strong></span> <span class='ocrx_word' id='word_1_460' title='bbox 1628 3324 1720 3386; x_wconf 89' lang='lat' dir='ltr'><strong>etiarn</strong></span> <span class='ocrx_word' id='word_1_461' title='bbox 1742 3339 1869 3402; x_wconf 89' lang='lat' dir='ltr'><strong>corpora</strong></span> 
     </span>
     <span class='ocr_line' id='line_1_37' title="bbox 154 3403 1870 3488; baseline -0.002 -18"><span class='ocrx_word' id='word_1_462' title='bbox 154 3407 307 3484; x_wconf 83' lang='lat' dir='ltr'><strong>Quartam,</strong></span> <span class='ocrx_word' id='word_1_463' title='bbox 324 3407 405 3488; x_wconf 91' lang='lat' dir='ltr'><strong>quod</strong></span> <span class='ocrx_word' id='word_1_464' title='bbox 421 3423 458 3470; x_wconf 92' lang='lat' dir='ltr'><strong>eo</strong></span> <span class='ocrx_word' id='word_1_465' title='bbox 473 3403 573 3473; x_wconf 74' lang='lat' dir='ltr'><strong>(inicio</strong></span> <span class='ocrx_word' id='word_1_466' title='bbox 587 3403 837 3470; x_wconf 78' lang='lat' dir='ltr'><strong>satisfaciantriri</strong></span> <span class='ocrx_word' id='word_1_467' title='bbox 849 3407 966 3488; x_wconf 92' lang='lat' dir='ltr'><strong>aliquo·</strong></span> <span class='ocrx_word' id='word_1_468' title='bbox 1012 3415 1265 3483; x_wconf 74' lang='lat' dir='ltr'><strong>resurrecturam</strong></span> <span class='ocrx_word' id='word_1_469' title='bbox 1278 3415 1399 3472; x_wconf 88' lang='lat' dir='ltr'><strong>nostros</strong></span> <span class='ocrx_word' id='word_1_470' title='bbox 1413 3407 1574 3472; x_wconf 75' lang='lat' dir='ltr'><strong>defunctos</strong></span> <span class='ocrx_word' id='word_1_471' title='bbox 1593 3421 1665 3470; x_wconf 91' lang='lat' dir='ltr'><strong>esse</strong></span> <span class='ocrx_word' id='word_1_472' title='bbox 1678 3405 1759 3468; x_wconf 89' lang='lat' dir='ltr'><strong>illios</strong></span> <span class='ocrx_word' id='word_1_473' title='bbox 1779 3405 1870 3478; x_wconf 89' lang='lat' dir='ltr'><strong>lucis,</strong></span> 
     </span>
     <span class='ocr_line' id='line_1_38' title="bbox 112 3488 1870 3572; baseline 0.001 -24"><span class='ocrx_word' id='word_1_474' title='bbox 112 3491 204 3552; x_wconf 83' lang='lat' dir='ltr'><strong>inodo</strong></span> <span class='ocrx_word' id='word_1_475' title='bbox 220 3489 343 3554; x_wconf 86' lang='lat' dir='ltr'><strong>alieuiui</strong></span> <span class='ocrx_word' id='word_1_476' title='bbox 368 3505 426 3553; x_wconf 89' lang='lat' dir='ltr'><strong>suo</strong></span> <span class='ocrx_word' id='word_1_477' title='bbox 451 3505 512 3566; x_wconf 93' lang='lat' dir='ltr'><strong>quo</strong></span> <span class='ocrx_word' id='word_1_478' title='bbox 537 3494 673 3552; x_wconf 91' lang='lat' dir='ltr'><strong>mortuus</strong></span> <span class='ocrx_word' id='word_1_479' title='bbox 686 3490 965 3568; x_wconf 83' lang='lat' dir='ltr'><strong>prosequebantur.</strong></span> <span class='ocrx_word' id='word_1_480' title='bbox 1010 3508 1071 3556; x_wconf 91' lang='lat' dir='ltr'><strong>nun</strong></span> <span class='ocrx_word' id='word_1_481' title='bbox 1088 3492 1295 3554; x_wconf 88' lang='lat' dir='ltr'><strong>tenebrarum.</strong></span> <span class='ocrx_word' id='word_1_482' title='bbox 1311 3491 1398 3572; x_wconf 81' lang='lat' dir='ltr'><strong>Quod</strong></span> <span class='ocrx_word' id='word_1_483' title='bbox 1415 3497 1515 3557; x_wconf 88' lang='lat' dir='ltr'><strong>autem</strong></span> <span class='ocrx_word' id='word_1_484' title='bbox 1532 3489 1696 3553; x_wconf 89' lang='lat' dir='ltr'><strong>concilium</strong></span> <span class='ocrx_word' id='word_1_485' title='bbox 1709 3488 1794 3562; x_wconf 91' lang='lat' dir='ltr'><strong>dicit,</strong></span> <span class='ocrx_word' id='word_1_486' title='bbox 1808 3504 1870 3550; x_wconf 90' lang='lat' dir='ltr'><strong>non</strong></span> 
     </span>
     <span class='ocr_line' id='line_1_39' title="bbox 113 3571 1874 3654; baseline -0.002 -20"><span class='ocrx_word' id='word_1_487' title='bbox 113 3573 148 3634; x_wconf 91' lang='lat' dir='ltr'><strong>Si</strong></span> <span class='ocrx_word' id='word_1_488' title='bbox 168 3571 751 3636; x_wconf 89' lang='lat' dir='ltr'><strong>enirnrestesetannullosamiuomm</strong></span> <span class='ocrx_word' id='word_1_489' title='bbox 775 3571 965 3636; x_wconf 90' lang='lat' dir='ltr'><strong>benecollo·</strong></span> <span class='ocrx_word' id='word_1_490' title='bbox 1011 3589 1082 3638; x_wconf 89' lang='lat' dir='ltr'><strong>esso</strong></span> <span class='ocrx_word' id='word_1_491' title='bbox 1122 3573 1339 3653; x_wconf 85' lang='lat' dir='ltr'><strong>inquietandos</strong></span> <span class='ocrx_word' id='word_1_492' title='bbox 1374 3575 1499 3654; x_wconf 90' lang='lat' dir='ltr'><strong>spiritus</strong></span> <span class='ocrx_word' id='word_1_493' title='bbox 1534 3571 1774 3642; x_wconf 89' lang='lat' dir='ltr'><strong>deiunctornm,</strong></span> <span class='ocrx_word' id='word_1_494' title='bbox 1811 3587 1874 3632; x_wconf 92' lang='lat' dir='ltr'><strong>non</strong></span> 
     </span>
     <span class='ocr_line' id='line_1_40' title="bbox 111 3653 1866 3738; baseline -0.001 -21"><span class='ocrx_word' id='word_1_495' title='bbox 111 3655 178 3718; x_wconf 86' lang='lat' dir='ltr'><strong>cari</strong></span> <span class='ocrx_word' id='word_1_496' title='bbox 194 3656 346 3730; x_wconf 86' lang='lat' dir='ltr'><strong>volumus,</strong></span> <span class='ocrx_word' id='word_1_497' title='bbox 362 3661 445 3718; x_wconf 86' lang='lat' dir='ltr'><strong>certe</strong></span> <span class='ocrx_word' id='word_1_498' title='bbox 458 3653 554 3722; x_wconf 87' lang='lat' dir='ltr'><strong>multo</strong></span> <span class='ocrx_word' id='word_1_499' title='bbox 568 3653 666 3734; x_wconf 91' lang='lat' dir='ltr'><strong>magis</strong></span> <span class='ocrx_word' id='word_1_500' title='bbox 687 3670 826 3735; x_wconf 87' lang='lat' dir='ltr'><strong>corpora,</strong></span> <span class='ocrx_word' id='word_1_501' title='bbox 855 3661 885 3719; x_wconf 92' lang='lat' dir='ltr'><strong>et</strong></span> <span class='ocrx_word' id='word_1_502' title='bbox 909 3657 968 3719; x_wconf 92' lang='lat' dir='ltr'><strong>huc</strong></span> <span class='ocrx_word' id='word_1_503' title='bbox 1010 3655 1162 3738; x_wconf 88' lang='lat' dir='ltr'><strong>signiticat</strong></span> <span class='ocrx_word' id='word_1_504' title='bbox 1177 3657 1303 3736; x_wconf 89' lang='lat' dir='ltr'><strong>spiritus</strong></span> <span class='ocrx_word' id='word_1_505' title='bbox 1318 3655 1389 3720; x_wconf 93' lang='lat' dir='ltr'><strong>illos</strong></span> <span class='ocrx_word' id='word_1_506' title='bbox 1403 3673 1506 3720; x_wconf 82' lang='lat' dir='ltr'><strong>reuera</strong></span> <span class='ocrx_word' id='word_1_507' title='bbox 1528 3653 1703 3736; x_wconf 90' lang='lat' dir='ltr'><strong>inquietari,</strong></span> <span class='ocrx_word' id='word_1_508' title='bbox 1727 3654 1782 3716; x_wconf 91' lang='lat' dir='ltr'><strong>sed</strong></span> <span class='ocrx_word' id='word_1_509' title='bbox 1804 3653 1866 3715; x_wconf 86' lang='lat' dir='ltr'><strong>dis-</strong></span> 
     </span>
     <span class='ocr_line' id='line_1_41' title="bbox 114 3735 1865 3820; baseline -0.001 -21"><span class='ocrx_word' id='word_1_510' title='bbox 114 3745 163 3799; x_wconf 88' lang='lat' dir='ltr'><strong>est</strong></span> <span class='ocrx_word' id='word_1_511' title='bbox 177 3739 258 3818; x_wconf 91' lang='lat' dir='ltr'><strong>quod</strong></span> <span class='ocrx_word' id='word_1_512' title='bbox 273 3737 462 3818; x_wconf 88' lang='lat' dir='ltr'><strong>Augustinus</strong></span> <span class='ocrx_word' id='word_1_513' title='bbox 476 3735 572 3811; x_wconf 91' lang='lat' dir='ltr'><strong>dicit,</strong></span> <span class='ocrx_word' id='word_1_514' title='bbox 598 3751 669 3800; x_wconf 90' lang='lat' dir='ltr'><strong>curn</strong></span> <span class='ocrx_word' id='word_1_515' title='bbox 695 3736 761 3814; x_wconf 90' lang='lat' dir='ltr'><strong>ait,</strong></span> <span class='ocrx_word' id='word_1_516' title='bbox 791 3739 967 3818; x_wconf 90' lang='lat' dir='ltr'><strong>sepulturae</strong></span> <span class='ocrx_word' id='word_1_517' title='bbox 1011 3742 1124 3818; x_wconf 83' lang='lat' dir='ltr'><strong>nlicere</strong></span> <span class='ocrx_word' id='word_1_518' title='bbox 1140 3739 1202 3801; x_wconf 92' lang='lat' dir='ltr'><strong>illis</strong></span> <span class='ocrx_word' id='word_1_519' title='bbox 1217 3739 1369 3820; x_wconf 87' lang='lat' dir='ltr'><strong>ejusmodi</strong></span> <span class='ocrx_word' id='word_1_520' title='bbox 1392 3755 1540 3816; x_wconf 84' lang='lat' dir='ltr'><strong>errorem3</strong></span> <span class='ocrx_word' id='word_1_521' title='bbox 1561 3735 1717 3818; x_wconf 90' lang='lat' dir='ltr'><strong>quomodo</strong></span> <span class='ocrx_word' id='word_1_522' title='bbox 1739 3737 1865 3799; x_wconf 90' lang='lat' dir='ltr'><strong>Ambro-</strong></span> 
     </span>
     <span class='ocr_line' id='line_1_42' title="bbox 112 3817 1866 3900; baseline -0.003 -17"><span class='ocrx_word' id='word_1_523' title='bbox 112 3836 256 3898; x_wconf 87' lang='lat' dir='ltr'><strong>pompam</strong></span> <span class='ocrx_word' id='word_1_524' title='bbox 272 3821 378 3882; x_wconf 89' lang='lat' dir='ltr'><strong>solatia</strong></span> <span class='ocrx_word' id='word_1_525' title='bbox 394 3835 465 3884; x_wconf 91' lang='lat' dir='ltr'><strong>esse</strong></span> <span class='ocrx_word' id='word_1_526' title='bbox 476 3819 622 3882; x_wconf 82' lang='lat' dir='ltr'><strong>virorum.</strong></span> <span class='ocrx_word' id='word_1_527' title='bbox 1011 3822 1076 3886; x_wconf 87' lang='lat' dir='ltr'><strong>sius</strong></span> <span class='ocrx_word' id='word_1_528' title='bbox 1091 3823 1166 3884; x_wconf 91' lang='lat' dir='ltr'><strong>dicit</strong></span> <span class='ocrx_word' id='word_1_529' title='bbox 1185 3820 1238 3884; x_wconf 87' lang='lat' dir='ltr'><strong>tib.</strong></span> <span class='ocrx_word' id='word_1_530' title='bbox 1255 3821 1286 3882; x_wconf 95' lang='grc'><strong>2.</strong></span> <span class='ocrx_word' id='word_1_531' title='bbox 1303 3823 1394 3900; x_wconf 87' lang='lat' dir='ltr'><strong>epist.</strong></span> <span class='ocrx_word' id='word_1_532' title='bbox 1410 3820 1441 3884; x_wconf 88' lang='grc'><strong>8.</strong></span> <span class='ocrx_word' id='word_1_533' title='bbox 1451 3839 1513 3884; x_wconf 91' lang='lat' dir='ltr'><strong>uon</strong></span> <span class='ocrx_word' id='word_1_534' title='bbox 1537 3821 1652 3883; x_wconf 90' lang='lat' dir='ltr'><strong>debere</strong></span> <span class='ocrx_word' id='word_1_535' title='bbox 1671 3817 1866 3882; x_wconf 82' lang='lat' dir='ltr'><strong>moestificari</strong></span> 
     </span>
     <span class='ocr_line' id='line_1_43' title="bbox 155 3900 1645 3984; baseline -0.001 -20"><span class='ocrx_word' id='word_1_536' title='bbox 155 3902 246 3964; x_wconf 84' lang='lat' dir='ltr'><strong>Porro</strong></span> <span class='ocrx_word' id='word_1_537' title='bbox 257 3905 385 3966; x_wconf 90' lang='lat' dir='ltr'><strong>mortuis</strong></span> <span class='ocrx_word' id='word_1_538' title='bbox 396 3917 434 3968; x_wconf 82' lang='lat' dir='ltr'><strong>er</strong></span> <span class='ocrx_word' id='word_1_539' title='bbox 445 3900 614 3982; x_wconf 88' lang='lat' dir='ltr'><strong>sepultura,</strong></span> <span class='ocrx_word' id='word_1_540' title='bbox 627 3902 686 3964; x_wconf 87' lang='lat' dir='ltr'><strong>alia</strong></span> <span class='ocrx_word' id='word_1_541' title='bbox 706 3902 898 3982; x_wconf 82' lang='lat' dir='ltr'><strong>quadruplex</strong></span> <span class='ocrx_word' id='word_1_542' title='bbox 918 3920 967 3967; x_wconf 90' lang='lat' dir='ltr'><strong>ac·</strong></span> <span class='ocrx_word' id='word_1_543' title='bbox 1014 3904 1179 3984; x_wconf 75' lang='lat' dir='ltr'><strong>lachrymis</strong></span> <span class='ocrx_word' id='word_1_544' title='bbox 1193 3904 1325 3966; x_wconf 87' lang='lat' dir='ltr'><strong>animam</strong></span> <span class='ocrx_word' id='word_1_545' title='bbox 1340 3905 1455 3968; x_wconf 90' lang='lat' dir='ltr'><strong>sororis</strong></span> <span class='ocrx_word' id='word_1_546' title='bbox 1470 3905 1645 3967; x_wconf 85' lang='lat' dir='ltr'><strong>deiunctae.</strong></span> 
     </span>
     <span class='ocr_line' id='line_1_44' title="bbox 113 3983 1862 4065; baseline 0.001 -20"><span class='ocrx_word' id='word_1_547' title='bbox 113 3984 197 4046; x_wconf 89' lang='lat' dir='ltr'><strong>cedit</strong></span> <span class='ocrx_word' id='word_1_548' title='bbox 211 3984 336 4048; x_wconf 89' lang='lat' dir='ltr'><strong>utilitas.</strong></span> <span class='ocrx_word' id='word_1_549' title='bbox 359 3985 478 4056; x_wconf 81' lang='lat' dir='ltr'><strong>Prima,</strong></span> <span class='ocrx_word' id='word_1_550' title='bbox 494 3983 575 4063; x_wconf 91' lang='lat' dir='ltr'><strong>quod</strong></span> <span class='ocrx_word' id='word_1_551' title='bbox 601 3985 772 4048; x_wconf 90' lang='lat' dir='ltr'><strong>consulitur</strong></span> <span class='ocrx_word' id='word_1_552' title='bbox 794 3984 901 4048; x_wconf 91' lang='lat' dir='ltr'><strong>honori</strong></span> <span class='ocrx_word' id='word_1_553' title='bbox 917 4001 969 4049; x_wconf 92' lang='lat' dir='ltr'><strong>eo·</strong></span> <span class='ocrx_word' id='word_1_554' title='bbox 1049 3987 1094 4049; x_wconf 88' lang='lat' dir='ltr'><strong>Ad</strong></span> <span class='ocrx_word' id='word_1_555' title='bbox 1108 3986 1228 4049; x_wconf 90' lang='lat' dir='ltr'><strong>tertium</strong></span> <span class='ocrx_word' id='word_1_556' title='bbox 1243 3986 1323 4059; x_wconf 91' lang='lat' dir='ltr'><strong>dico,</strong></span> <span class='ocrx_word' id='word_1_557' title='bbox 1341 4003 1402 4048; x_wconf 92' lang='lat' dir='ltr'><strong>non</strong></span> <span class='ocrx_word' id='word_1_558' title='bbox 1425 4003 1495 4050; x_wconf 91' lang='lat' dir='ltr'><strong>esse</strong></span> <span class='ocrx_word' id='word_1_559' title='bbox 1516 3987 1639 4065; x_wconf 89' lang='lat' dir='ltr'><strong>signum</strong></span> <span class='ocrx_word' id='word_1_560' title='bbox 1660 3983 1862 4058; x_wconf 86' lang='lat' dir='ltr'><strong>diffidentiae,</strong></span> 
     </span>
     <span class='ocr_line' id='line_1_45' title="bbox 112 4066 1867 4149; baseline -0.001 -19"><span class='ocrx_word' id='word_1_561' title='bbox 112 4084 195 4135; x_wconf 85' lang='lat' dir='ltr'><strong>rum.</strong></span> <span class='ocrx_word' id='word_1_562' title='bbox 211 4067 311 4130; x_wconf 91' lang='lat' dir='ltr'><strong>adhuc</strong></span> <span class='ocrx_word' id='word_1_563' title='bbox 327 4067 356 4130; x_wconf 92' lang='lat' dir='ltr'><strong>in</strong></span> <span class='ocrx_word' id='word_1_564' title='bbox 370 4066 526 4130; x_wconf 90' lang='lat' dir='ltr'><strong>hominum</strong></span> <span class='ocrx_word' id='word_1_565' title='bbox 539 4068 694 4130; x_wconf 91' lang='lat' dir='ltr'><strong>memoriis</strong></span> <span class='ocrx_word' id='word_1_566' title='bbox 708 4067 885 4147; x_wconf 81' lang='lat' dir='ltr'><strong>rirontium3</strong></span> <span class='ocrx_word' id='word_1_567' title='bbox 907 4085 969 4132; x_wconf 92' lang='lat' dir='ltr'><strong>non</strong></span> <span class='ocrx_word' id='word_1_568' title='bbox 1012 4075 1067 4131; x_wconf 88' lang='lat' dir='ltr'><strong>sed</strong></span> <span class='ocrx_word' id='word_1_569' title='bbox 1080 4069 1226 4131; x_wconf 87' lang='lat' dir='ltr'><strong>desiderii</strong></span> <span class='ocrx_word' id='word_1_570' title='bbox 1252 4075 1283 4130; x_wconf 91' lang='lat' dir='ltr'><strong>et</strong></span> <span class='ocrx_word' id='word_1_571' title='bbox 1297 4069 1435 4134; x_wconf 87' lang='lat' dir='ltr'><strong>terroris.</strong></span> <span class='ocrx_word' id='word_1_572' title='bbox 1450 4075 1593 4149; x_wconf 87' lang='lat' dir='ltr'><strong>repetere</strong></span> <span class='ocrx_word' id='word_1_573' title='bbox 1604 4068 1729 4132; x_wconf 87' lang='lat' dir='ltr'><strong>easdem</strong></span> <span class='ocrx_word' id='word_1_574' title='bbox 1743 4082 1867 4146; x_wconf 65' lang='lat' dir='ltr'><strong>precem</strong></span> 
     </span>
     <span class='ocr_line' id='line_1_46' title="bbox 113 4149 1865 4231; baseline -0.001 -19"><span class='ocrx_word' id='word_1_575' title='bbox 113 4150 200 4212; x_wconf 89' lang='lat' dir='ltr'><strong>enim</strong></span> <span class='ocrx_word' id='word_1_576' title='bbox 214 4155 298 4212; x_wconf 87' lang='lat' dir='ltr'><strong>caret</strong></span> <span class='ocrx_word' id='word_1_577' title='bbox 312 4149 478 4231; x_wconf 90' lang='lat' dir='ltr'><strong>ignominia</strong></span> <span class='ocrx_word' id='word_1_578' title='bbox 493 4152 644 4228; x_wconf 84' lang='lat' dir='ltr'><strong>quadam,</strong></span> <span class='ocrx_word' id='word_1_579' title='bbox 667 4150 749 4231; x_wconf 92' lang='lat' dir='ltr'><strong>quod</strong></span> <span class='ocrx_word' id='word_1_580' title='bbox 774 4149 902 4216; x_wconf 77' lang='lat' dir='ltr'><strong>foeditas</strong></span> <span class='ocrx_word' id='word_1_581' title='bbox 916 4168 970 4215; x_wconf 93' lang='lat' dir='ltr'><strong>no·</strong></span> <span class='ocrx_word' id='word_1_582' title='bbox 1012 4153 1043 4214; x_wconf 92' lang='lat' dir='ltr'><strong>ld</strong></span> <span class='ocrx_word' id='word_1_583' title='bbox 1059 4153 1140 4214; x_wconf 89' lang='lat' dir='ltr'><strong>onim</strong></span> <span class='ocrx_word' id='word_1_584' title='bbox 1156 4151 1228 4214; x_wconf 85' lang='lat' dir='ltr'><strong>iecit</strong></span> <span class='ocrx_word' id='word_1_585' title='bbox 1241 4151 1353 4214; x_wconf 89' lang='lat' dir='ltr'><strong>Paulus</strong></span> <span class='ocrx_word' id='word_1_586' title='bbox 1367 4152 1398 4214; x_wconf 94' lang='grc'><strong>2.</strong></span> <span class='ocrx_word' id='word_1_587' title='bbox 1415 4150 1551 4216; x_wconf 85' lang='lat' dir='ltr'><strong>Corinth.</strong></span> <span class='ocrx_word' id='word_1_588' title='bbox 1569 4149 1620 4212; x_wconf 88' lang='grc'><strong>12.</strong></span> <span class='ocrx_word' id='word_1_589' title='bbox 1637 4157 1683 4213; x_wconf 90' lang='lat' dir='ltr'><strong>ter</strong></span> <span class='ocrx_word' id='word_1_590' title='bbox 1703 4149 1865 4212; x_wconf 85' lang='lat' dir='ltr'><strong>Dominum</strong></span> 
     </span>
     <span class='ocr_line' id='line_1_47' title="bbox 113 4230 1871 4314; baseline 0.001 -19"><span class='ocrx_word' id='word_1_591' title='bbox 113 4231 172 4295; x_wconf 89' lang='lat' dir='ltr'><strong>stri</strong></span> <span class='ocrx_word' id='word_1_592' title='bbox 185 4235 322 4311; x_wconf 92' lang='lat' dir='ltr'><strong>corporis</strong></span> <span class='ocrx_word' id='word_1_593' title='bbox 338 4233 465 4295; x_wconf 90' lang='lat' dir='ltr'><strong>oliorum</strong></span> <span class='ocrx_word' id='word_1_594' title='bbox 482 4232 700 4311; x_wconf 90' lang='lat' dir='ltr'><strong>conspectibus</strong></span> <span class='ocrx_word' id='word_1_595' title='bbox 722 4237 832 4312; x_wconf 88' lang='lat' dir='ltr'><strong>pateat.</strong></span> <span class='ocrx_word' id='word_1_596' title='bbox 846 4234 971 4311; x_wconf 83' lang='lat' dir='ltr'><strong>Quouir·</strong></span> <span class='ocrx_word' id='word_1_597' title='bbox 1013 4234 1127 4314; x_wconf 67' lang='lat' dir='ltr'><strong>rogariq</strong></span> <span class='ocrx_word' id='word_1_598' title='bbox 1149 4240 1180 4297; x_wconf 88' lang='lat' dir='ltr'><strong>et</strong></span> <span class='ocrx_word' id='word_1_599' title='bbox 1199 4231 1347 4298; x_wconf 82' lang='lat' dir='ltr'><strong>[lominus</strong></span> <span class='ocrx_word' id='word_1_600' title='bbox 1367 4234 1435 4314; x_wconf 90' lang='lat' dir='ltr'><strong>ipso</strong></span> <span class='ocrx_word' id='word_1_601' title='bbox 1456 4235 1561 4298; x_wconf 86' lang='lat' dir='ltr'><strong>llatih.</strong></span> <span class='ocrx_word' id='word_1_602' title='bbox 1593 4230 1644 4295; x_wconf 84' lang='grc'><strong>26.</strong></span> <span class='ocrx_word' id='word_1_603' title='bbox 1666 4237 1713 4296; x_wconf 92' lang='lat' dir='ltr'><strong>ter</strong></span> <span class='ocrx_word' id='word_1_604' title='bbox 1738 4233 1871 4296; x_wconf 87' lang='lat' dir='ltr'><strong>eandem</strong></span> 
     </span>
     <span class='ocr_line' id='line_1_48' title="bbox 115 4314 1353 4400; baseline 0.002 -24"><span class='ocrx_word' id='word_1_605' title='bbox 115 4333 167 4386; x_wconf 92' lang='lat' dir='ltr'><strong>ca,</strong></span> <span class='ocrx_word' id='word_1_606' title='bbox 183 4330 244 4378; x_wconf 91' lang='lat' dir='ltr'><strong>non</strong></span> <span class='ocrx_word' id='word_1_607' title='bbox 260 4315 337 4377; x_wconf 89' lang='lat' dir='ltr'><strong>ieris</strong></span> <span class='ocrx_word' id='word_1_608' title='bbox 352 4331 449 4394; x_wconf 89' lang='lat' dir='ltr'><strong>poena</strong></span> <span class='ocrx_word' id='word_1_609' title='bbox 462 4314 627 4394; x_wconf 74' lang='lat' dir='ltr'><strong>iudicatur,</strong></span> <span class='ocrx_word' id='word_1_610' title='bbox 652 4331 722 4378; x_wconf 90' lang='lat' dir='ltr'><strong>curn</strong></span> <span class='ocrx_word' id='word_1_611' title='bbox 746 4315 815 4396; x_wconf 92' lang='lat' dir='ltr'><strong>quis</strong></span> <span class='ocrx_word' id='word_1_612' title='bbox 837 4316 971 4397; x_wconf 79' lang='lat' dir='ltr'><strong>aiudico</strong></span> <span class='ocrx_word' id='word_1_613' title='bbox 1018 4318 1186 4380; x_wconf 90' lang='lat' dir='ltr'><strong>orationem</strong></span> <span class='ocrx_word' id='word_1_614' title='bbox 1202 4317 1353 4400; x_wconf 82' lang='lat' dir='ltr'><strong>repetiuit.</strong></span> 
     </span>
     <span class='ocr_line' id='line_1_49' title="bbox 115 4397 1865 4480; baseline 0.001 -23"><span class='ocrx_word' id='word_1_615' title='bbox 115 4398 433 4478; x_wconf 89' lang='lat' dir='ltr'><strong>priratursepultura,</strong></span> <span class='ocrx_word' id='word_1_616' title='bbox 450 4401 478 4460; x_wconf 94' lang='lat' dir='ltr'><strong>ei</strong></span> <span class='ocrx_word' id='word_1_617' title='bbox 491 4397 618 4477; x_wconf 86' lang='lat' dir='ltr'><strong>jubetur</strong></span> <span class='ocrx_word' id='word_1_618' title='bbox 632 4397 661 4460; x_wconf 94' lang='lat' dir='ltr'><strong>in</strong></span> <span class='ocrx_word' id='word_1_619' title='bbox 675 4398 824 4478; x_wconf 90' lang='lat' dir='ltr'><strong>patibulo,</strong></span> <span class='ocrx_word' id='word_1_620' title='bbox 839 4406 893 4464; x_wconf 90' lang='lat' dir='ltr'><strong>aut</strong></span> <span class='ocrx_word' id='word_1_621' title='bbox 905 4405 971 4464; x_wconf 89' lang='lat' dir='ltr'><strong>rota</strong></span> <span class='ocrx_word' id='word_1_622' title='bbox 1054 4399 1098 4462; x_wconf 93' lang='lat' dir='ltr'><strong>Ad</strong></span> <span class='ocrx_word' id='word_1_623' title='bbox 1119 4401 1312 4463; x_wconf 89' lang='lat' dir='ltr'><strong>Ambrosium</strong></span> <span class='ocrx_word' id='word_1_624' title='bbox 1334 4416 1426 4479; x_wconf 92' lang='lat' dir='ltr'><strong>supra</strong></span> <span class='ocrx_word' id='word_1_625' title='bbox 1455 4399 1700 4480; x_wconf 88' lang='lat' dir='ltr'><strong>respondimus,</strong></span> <span class='ocrx_word' id='word_1_626' title='bbox 1732 4413 1790 4477; x_wconf 91' lang='lat' dir='ltr'><strong>cap</strong></span> <span class='ocrx_word' id='word_1_627' title='bbox 1813 4397 1865 4460; x_wconf 87' lang='grc'><strong>15.</strong></span> 
     </span>
     <span class='ocr_line' id='line_1_50' title="bbox 119 4479 1870 4560; baseline -0.001 -17"><span class='ocrx_word' id='word_1_628' title='bbox 119 4479 276 4560; x_wconf 92' lang='lat' dir='ltr'><strong>pendens,</strong></span> <span class='ocrx_word' id='word_1_629' title='bbox 290 4495 361 4543; x_wconf 91' lang='lat' dir='ltr'><strong>esse</strong></span> <span class='ocrx_word' id='word_1_630' title='bbox 375 4481 475 4546; x_wconf 88' lang='lat' dir='ltr'><strong>arium</strong></span> <span class='ocrx_word' id='word_1_631' title='bbox 490 4496 572 4543; x_wconf 88' lang='lat' dir='ltr'><strong>esca.</strong></span> <span class='ocrx_word' id='word_1_632' title='bbox 1017 4499 1078 4544; x_wconf 93' lang='lat' dir='ltr'><strong>non</strong></span> <span class='ocrx_word' id='word_1_633' title='bbox 1092 4481 1176 4560; x_wconf 91' lang='lat' dir='ltr'><strong>loqui</strong></span> <span class='ocrx_word' id='word_1_634' title='bbox 1191 4497 1261 4544; x_wconf 91' lang='lat' dir='ltr'><strong>eum</strong></span> <span class='ocrx_word' id='word_1_635' title='bbox 1276 4484 1315 4545; x_wconf 89' lang='lat' dir='ltr'><strong>de</strong></span> <span class='ocrx_word' id='word_1_636' title='bbox 1330 4482 1529 4555; x_wconf 89' lang='lat' dir='ltr'><strong>orationibus,</strong></span> <span class='ocrx_word' id='word_1_637' title='bbox 1545 4482 1600 4544; x_wconf 91' lang='lat' dir='ltr'><strong>sed</strong></span> <span class='ocrx_word' id='word_1_638' title='bbox 1617 4482 1655 4544; x_wconf 90' lang='lat' dir='ltr'><strong>de</strong></span> <span class='ocrx_word' id='word_1_639' title='bbox 1669 4480 1744 4545; x_wconf 89' lang='lat' dir='ltr'><strong>ilelu</strong></span> <span class='ocrx_word' id='word_1_640' title='bbox 1768 4487 1800 4544; x_wconf 91' lang='lat' dir='ltr'><strong>et</strong></span> <span class='ocrx_word' id='word_1_641' title='bbox 1816 4481 1870 4543; x_wconf 91' lang='lat' dir='ltr'><strong>do·</strong></span> 
     </span>
     <span class='ocr_line' id='line_1_51' title="bbox 161 4562 1871 4644; baseline -0.001 -19"><span class='ocrx_word' id='word_1_642' title='bbox 161 4562 314 4639; x_wconf 86' lang='lat' dir='ltr'><strong>Secunda,</strong></span> <span class='ocrx_word' id='word_1_643' title='bbox 330 4563 410 4642; x_wconf 92' lang='lat' dir='ltr'><strong>quod</strong></span> <span class='ocrx_word' id='word_1_644' title='bbox 426 4563 535 4626; x_wconf 91' lang='lat' dir='ltr'><strong>satisilt</strong></span> <span class='ocrx_word' id='word_1_645' title='bbox 555 4562 708 4626; x_wconf 89' lang='lat' dir='ltr'><strong>desiderio</strong></span> <span class='ocrx_word' id='word_1_646' title='bbox 728 4579 835 4627; x_wconf 91' lang='lat' dir='ltr'><strong>eorum</strong></span> <span class='ocrx_word' id='word_1_647' title='bbox 851 4610 859 4640; x_wconf 91' lang='lat'><strong>,</strong></span> <span class='ocrx_word' id='word_1_648' title='bbox 890 4564 972 4644; x_wconf 89' lang='lat' dir='ltr'><strong>quod</strong></span> <span class='ocrx_word' id='word_1_649' title='bbox 1016 4566 1092 4640; x_wconf 68' lang='lat' dir='ltr'><strong>lorea</strong></span> <span class='ocrx_word' id='word_1_650' title='bbox 1108 4581 1177 4626; x_wconf 89' lang='lat' dir='ltr'><strong>narn</strong></span> <span class='ocrx_word' id='word_1_651' title='bbox 1192 4565 1259 4644; x_wconf 89' lang='lat' dir='ltr'><strong>ipse</strong></span> <span class='ocrx_word' id='word_1_652' title='bbox 1273 4565 1354 4628; x_wconf 87' lang='lat' dir='ltr'><strong>idem</strong></span> <span class='ocrx_word' id='word_1_653' title='bbox 1370 4567 1507 4628; x_wconf 91' lang='lat' dir='ltr'><strong>oratione</strong></span> <span class='ocrx_word' id='word_1_654' title='bbox 1523 4567 1552 4627; x_wconf 90' lang='lat' dir='ltr'><strong>in</strong></span> <span class='ocrx_word' id='word_1_655' title='bbox 1568 4564 1813 4628; x_wconf 80' lang='lat' dir='ltr'><strong>Valentinianum</strong></span> <span class='ocrx_word' id='word_1_656' title='bbox 1825 4564 1871 4625; x_wconf 90' lang='lat' dir='ltr'><strong>di·</strong></span> 
     </span>
     <span class='ocr_line' id='line_1_52' title="bbox 118 4645 1868 4729; baseline 0.001 -23"><span class='ocrx_word' id='word_1_657' title='bbox 118 4645 194 4706; x_wconf 89' lang='lat' dir='ltr'><strong>dum</strong></span> <span class='ocrx_word' id='word_1_658' title='bbox 211 4645 346 4708; x_wconf 91' lang='lat' dir='ltr'><strong>rirerent</strong></span> <span class='ocrx_word' id='word_1_659' title='bbox 361 4645 550 4722; x_wconf 84' lang='lat' dir='ltr'><strong>irabuerunt3</strong></span> <span class='ocrx_word' id='word_1_660' title='bbox 573 4663 663 4708; x_wconf 79' lang='lat' dir='ltr'><strong>nemo</strong></span> <span class='ocrx_word' id='word_1_661' title='bbox 680 4651 727 4710; x_wconf 87' lang='lat' dir='ltr'><strong>est</strong></span> <span class='ocrx_word' id='word_1_662' title='bbox 740 4647 821 4711; x_wconf 89' lang='lat' dir='ltr'><strong>enim</strong></span> <span class='ocrx_word' id='word_1_663' title='bbox 838 4648 893 4728; x_wconf 90' lang='lat' dir='ltr'><strong>qui</strong></span> <span class='ocrx_word' id='word_1_664' title='bbox 909 4663 973 4711; x_wconf 89' lang='lat' dir='ltr'><strong>car·</strong></span> <span class='ocrx_word' id='word_1_665' title='bbox 1016 4649 1068 4709; x_wconf 89' lang='lat' dir='ltr'><strong>cit:</strong></span> <span class='ocrx_word' id='word_1_666' title='bbox 1090 4647 1183 4710; x_wconf 85' lang='lat' dir='ltr'><strong>Beati</strong></span> <span class='ocrx_word' id='word_1_667' title='bbox 1203 4648 1308 4722; x_wconf 85' lang='lat' dir='ltr'><strong>umbo,</strong></span> <span class='ocrx_word' id='word_1_668' title='bbox 1330 4649 1360 4712; x_wconf 86' lang='lat' dir='ltr'><strong>si</strong></span> <span class='ocrx_word' id='word_1_669' title='bbox 1380 4649 1462 4729; x_wconf 86' lang='lat' dir='ltr'><strong>quid</strong></span> <span class='ocrx_word' id='word_1_670' title='bbox 1480 4663 1572 4712; x_wconf 86' lang='lat' dir='ltr'><strong>mccc</strong></span> <span class='ocrx_word' id='word_1_671' title='bbox 1593 4648 1756 4710; x_wconf 87' lang='lat' dir='ltr'><strong>orationes</strong></span> <span class='ocrx_word' id='word_1_672' title='bbox 1781 4647 1868 4708; x_wconf 83' lang='lat' dir='ltr'><strong>onic-</strong></span> 
     </span>
     <span class='ocr_line' id='line_1_53' title="bbox 119 4728 1865 4808; baseline 0 -18"><span class='ocrx_word' id='word_1_673' title='bbox 119 4743 192 4790; x_wconf 89' lang='lat' dir='ltr'><strong>nem</strong></span> <span class='ocrx_word' id='word_1_674' title='bbox 208 4744 293 4790; x_wconf 90' lang='lat' dir='ltr'><strong>suam</strong></span> <span class='ocrx_word' id='word_1_675' title='bbox 308 4729 379 4790; x_wconf 90' lang='lat' dir='ltr'><strong>odic</strong></span> <span class='ocrx_word' id='word_1_676' title='bbox 394 4728 513 4802; x_wconf 80' lang='lat' dir='ltr'><strong>habeat,</strong></span> <span class='ocrx_word' id='word_1_677' title='bbox 531 4735 564 4790; x_wconf 91' lang='lat' dir='ltr'><strong>ut</strong></span> <span class='ocrx_word' id='word_1_678' title='bbox 574 4728 685 4791; x_wconf 92' lang='lat' dir='ltr'><strong>dicitur</strong></span> <span class='ocrx_word' id='word_1_679' title='bbox 695 4729 809 4808; x_wconf 84' lang='lat' dir='ltr'><strong>tiphos.</strong></span> <span class='ocrx_word' id='word_1_680' title='bbox 824 4729 889 4793; x_wconf 87' lang='lat' dir='ltr'><strong>5.et</strong></span> <span class='ocrx_word' id='word_1_681' title='bbox 902 4731 975 4793; x_wconf 79' lang='lat' dir='ltr'><strong>iiico</strong></span> <span class='ocrx_word' id='word_1_682' title='bbox 1018 4731 1218 4804; x_wconf 75' lang='lat' dir='ltr'><strong>beniamin</strong></span> <span class='ocrx_word' id='word_1_683' title='bbox 1238 4732 1306 4794; x_wconf 89' lang='lat' dir='ltr'><strong>dica</strong></span> <span class='ocrx_word' id='word_1_684' title='bbox 1326 4747 1381 4795; x_wconf 88' lang='lat' dir='ltr'><strong>uos</strong></span> <span class='ocrx_word' id='word_1_685' title='bbox 1401 4731 1530 4802; x_wconf 83' lang='lat' dir='ltr'><strong>silentio</strong></span> <span class='ocrx_word' id='word_1_686' title='bbox 1548 4729 1748 4808; x_wconf 80' lang='lat' dir='ltr'><strong>praeteribit,</strong></span> <span class='ocrx_word' id='word_1_687' title='bbox 1769 4729 1865 4791; x_wconf 83' lang='lat' dir='ltr'><strong>nolio</strong></span> 
     </span>
     <span class='ocr_line' id='line_1_54' title="bbox 119 4809 1871 4895; baseline 0.001 -23"><span class='ocrx_word' id='word_1_688' title='bbox 119 4811 255 4890; x_wconf 92' lang='lat' dir='ltr'><strong>quisque</strong></span> <span class='ocrx_word' id='word_1_689' title='bbox 277 4812 348 4872; x_wconf 85' lang='lat' dir='ltr'><strong>duna</strong></span> <span class='ocrx_word' id='word_1_690' title='bbox 365 4809 446 4886; x_wconf 88' lang='lat' dir='ltr'><strong>ririt,</strong></span> <span class='ocrx_word' id='word_1_691' title='bbox 463 4811 548 4889; x_wconf 91' lang='lat' dir='ltr'><strong>cupit</strong></span> <span class='ocrx_word' id='word_1_692' title='bbox 569 4813 658 4874; x_wconf 91' lang='lat' dir='ltr'><strong>etiam</strong></span> <span class='ocrx_word' id='word_1_693' title='bbox 674 4819 744 4891; x_wconf 90' lang='lat' dir='ltr'><strong>post</strong></span> <span class='ocrx_word' id='word_1_694' title='bbox 764 4818 893 4875; x_wconf 87' lang='lat' dir='ltr'><strong>mortem</strong></span> <span class='ocrx_word' id='word_1_695' title='bbox 907 4829 974 4876; x_wconf 90' lang='lat' dir='ltr'><strong>cor·</strong></span> <span class='ocrx_word' id='word_1_696' title='bbox 1017 4827 1088 4877; x_wconf 83' lang='lat' dir='ltr'><strong>nom</strong></span> <span class='ocrx_word' id='word_1_697' title='bbox 1101 4815 1320 4877; x_wconf 83' lang='lat' dir='ltr'><strong>condonatos</strong></span> <span class='ocrx_word' id='word_1_698' title='bbox 1338 4814 1453 4895; x_wconf 86' lang='lat' dir='ltr'><strong>utiquo</strong></span> <span class='ocrx_word' id='word_1_699' title='bbox 1471 4830 1607 4893; x_wconf 85' lang='lat' dir='ltr'><strong>precum</strong></span> <span class='ocrx_word' id='word_1_700' title='bbox 1625 4828 1775 4876; x_wconf 83' lang='lat' dir='ltr'><strong>mearum</strong></span> <span class='ocrx_word' id='word_1_701' title='bbox 1796 4827 1871 4874; x_wconf 84' lang='lat' dir='ltr'><strong>con·</strong></span> 
     </span>
     <span class='ocr_line' id='line_1_55' title="bbox 120 4893 1874 4974; baseline 0.002 -21"><span class='ocrx_word' id='word_1_702' title='bbox 120 4910 182 4972; x_wconf 88' lang='lat' dir='ltr'><strong>pus</strong></span> <span class='ocrx_word' id='word_1_703' title='bbox 197 4910 285 4955; x_wconf 88' lang='lat' dir='ltr'><strong>suurn</strong></span> <span class='ocrx_word' id='word_1_704' title='bbox 303 4893 433 4956; x_wconf 81' lang='lat' dir='ltr'><strong>hortesis</strong></span> <span class='ocrx_word' id='word_1_705' title='bbox 449 4893 579 4956; x_wconf 91' lang='lat' dir='ltr'><strong>tractari.</strong></span> <span class='ocrx_word' id='word_1_706' title='bbox 595 4893 691 4958; x_wconf 89' lang='lat' dir='ltr'><strong>Immo</strong></span> <span class='ocrx_word' id='word_1_707' title='bbox 707 4894 856 4958; x_wconf 88' lang='lat' dir='ltr'><strong>credibile</strong></span> <span class='ocrx_word' id='word_1_708' title='bbox 870 4901 928 4970; x_wconf 85' lang='lat' dir='ltr'><strong>esi,</strong></span> <span class='ocrx_word' id='word_1_709' title='bbox 944 4913 974 4958; x_wconf 90' lang='lat' dir='ltr'><strong>a·</strong></span> <span class='ocrx_word' id='word_1_710' title='bbox 1020 4895 1162 4959; x_wconf 69' lang='lat' dir='ltr'><strong>melione</strong></span> <span class='ocrx_word' id='word_1_711' title='bbox 1177 4902 1385 4974; x_wconf 68' lang='lat' dir='ltr'><strong>ieameamer,</strong></span> <span class='ocrx_word' id='word_1_712' title='bbox 1401 4897 1603 4962; x_wconf 82' lang='lat' dir='ltr'><strong>orationibus</strong></span> <span class='ocrx_word' id='word_1_713' title='bbox 1617 4911 1673 4958; x_wconf 85' lang='lat' dir='ltr'><strong>uus</strong></span> <span class='ocrx_word' id='word_1_714' title='bbox 1687 4901 1717 4959; x_wconf 89' lang='lat' dir='ltr'><strong>ei</strong></span> <span class='ocrx_word' id='word_1_715' title='bbox 1738 4895 1874 4959; x_wconf 82' lang='lat' dir='ltr'><strong>oblatio·</strong></span> 
     </span>
     <span class='ocr_line' id='line_1_56' title="bbox 122 4975 1351 5060; baseline 0.006 -23"><span class='ocrx_word' id='word_1_716' title='bbox 122 4977 224 5038; x_wconf 91' lang='lat' dir='ltr'><strong>nimos</strong></span> <span class='ocrx_word' id='word_1_717' title='bbox 238 4991 368 5054; x_wconf 91' lang='lat' dir='ltr'><strong>corpore</strong></span> <span class='ocrx_word' id='word_1_718' title='bbox 379 4975 509 5047; x_wconf 87' lang='lat' dir='ltr'><strong>solutos,</strong></span> <span class='ocrx_word' id='word_1_719' title='bbox 522 4977 639 5038; x_wconf 83' lang='lat' dir='ltr'><strong>etiamsi</strong></span> <span class='ocrx_word' id='word_1_720' title='bbox 656 4977 732 5042; x_wconf 85' lang='lat' dir='ltr'><strong>loric</strong></span> <span class='ocrx_word' id='word_1_721' title='bbox 747 4978 889 5040; x_wconf 89' lang='lat' dir='ltr'><strong>nesciant</strong></span> <span class='ocrx_word' id='word_1_722' title='bbox 900 4977 975 5058; x_wconf 91' lang='lat' dir='ltr'><strong>quid</strong></span> <span class='ocrx_word' id='word_1_723' title='bbox 1018 4977 1114 5042; x_wconf 86' lang='lat' dir='ltr'><strong>nibus</strong></span> <span class='ocrx_word' id='word_1_724' title='bbox 1128 4977 1351 5060; x_wconf 76' lang='lat' dir='ltr'><strong>frequentabo.</strong></span> 
     </span>
     <span class='ocr_line' id='line_1_57' title="bbox 119 5057 1870 5142; baseline 0.001 -21"><span class='ocrx_word' id='word_1_725' title='bbox 119 5057 304 5135; x_wconf 89' lang='lat' dir='ltr'><strong>corporibus</strong></span> <span class='ocrx_word' id='word_1_726' title='bbox 320 5075 425 5122; x_wconf 90' lang='lat' dir='ltr'><strong>eorum</strong></span> <span class='ocrx_word' id='word_1_727' title='bbox 447 5059 575 5135; x_wconf 87' lang='lat' dir='ltr'><strong>accidat,</strong></span> <span class='ocrx_word' id='word_1_728' title='bbox 590 5065 692 5122; x_wconf 87' lang='lat' dir='ltr'><strong>tamen</strong></span> <span class='ocrx_word' id='word_1_729' title='bbox 706 5075 820 5139; x_wconf 88' lang='lat' dir='ltr'><strong>cupere</strong></span> <span class='ocrx_word' id='word_1_730' title='bbox 834 5067 868 5122; x_wconf 91' lang='lat' dir='ltr'><strong>ut</strong></span> <span class='ocrx_word' id='word_1_731' title='bbox 879 5060 974 5124; x_wconf 90' lang='lat' dir='ltr'><strong>hono·</strong></span> <span class='ocrx_word' id='word_1_732' title='bbox 1059 5061 1101 5122; x_wconf 86' lang='lat' dir='ltr'><strong>Art</strong></span> <span class='ocrx_word' id='word_1_733' title='bbox 1117 5063 1255 5125; x_wconf 90' lang='lat' dir='ltr'><strong>ultimum</strong></span> <span class='ocrx_word' id='word_1_734' title='bbox 1271 5078 1308 5125; x_wconf 87' lang='lat' dir='ltr'><strong>ex</strong></span> <span class='ocrx_word' id='word_1_735' title='bbox 1328 5061 1488 5142; x_wconf 81' lang='lat' dir='ltr'><strong>evangelio</strong></span> <span class='ocrx_word' id='word_1_736' title='bbox 1507 5058 1611 5124; x_wconf 86' lang='lat' dir='ltr'><strong>llatth.</strong></span> <span class='ocrx_word' id='word_1_737' title='bbox 1627 5059 1677 5124; x_wconf 80' lang='lat'><strong>25.</strong></span> <span class='ocrx_word' id='word_1_738' title='bbox 1701 5059 1870 5138; x_wconf 86' lang='lat' dir='ltr'><strong>responde·</strong></span> 
     </span>
     <span class='ocr_line' id='line_1_58' title="bbox 120 5140 1872 5225; baseline 0 -21"><span class='ocrx_word' id='word_1_739' title='bbox 120 5149 170 5204; x_wconf 90' lang='lat' dir='ltr'><strong>ste</strong></span> <span class='ocrx_word' id='word_1_740' title='bbox 186 5140 366 5214; x_wconf 86' lang='lat' dir='ltr'><strong>habeantur,</strong></span> <span class='ocrx_word' id='word_1_741' title='bbox 382 5142 462 5204; x_wconf 88' lang='lat' dir='ltr'><strong>sicut</strong></span> <span class='ocrx_word' id='word_1_742' title='bbox 477 5143 565 5204; x_wconf 92' lang='lat' dir='ltr'><strong>etiarn</strong></span> <span class='ocrx_word' id='word_1_743' title='bbox 582 5141 709 5224; x_wconf 91' lang='lat' dir='ltr'><strong>cupiunt</strong></span> <span class='ocrx_word' id='word_1_744' title='bbox 722 5143 760 5206; x_wconf 92' lang='lat' dir='ltr'><strong>ad</strong></span> <span class='ocrx_word' id='word_1_745' title='bbox 787 5158 821 5206; x_wconf 92' lang='lat' dir='ltr'><strong>ea</strong></span> <span class='ocrx_word' id='word_1_746' title='bbox 838 5143 972 5220; x_wconf 79' lang='lat' dir='ltr'><strong>reuerti,</strong></span> <span class='ocrx_word' id='word_1_747' title='bbox 1021 5149 1080 5206; x_wconf 90' lang='lat' dir='ltr'><strong>tur.</strong></span> <span class='ocrx_word' id='word_1_748' title='bbox 1101 5142 1213 5216; x_wconf 89' lang='lat' dir='ltr'><strong>Primo,</strong></span> <span class='ocrx_word' id='word_1_749' title='bbox 1230 5161 1300 5207; x_wconf 90' lang='lat' dir='ltr'><strong>cum</strong></span> <span class='ocrx_word' id='word_1_750' title='bbox 1321 5143 1539 5225; x_wconf 77' lang='lat' dir='ltr'><strong>chrysostomo</strong></span> <span class='ocrx_word' id='word_1_751' title='bbox 1559 5144 1644 5206; x_wconf 90' lang='lat' dir='ltr'><strong>hom.</strong></span> <span class='ocrx_word' id='word_1_752' title='bbox 1660 5142 1712 5206; x_wconf 80' lang='lat' dir='ltr'><strong>et.</strong></span> <span class='ocrx_word' id='word_1_753' title='bbox 1728 5141 1760 5204; x_wconf 94' lang='lat' dir='ltr'><strong>in</strong></span> <span class='ocrx_word' id='word_1_754' title='bbox 1781 5141 1872 5206; x_wconf 88' lang='lat' dir='ltr'><strong>loan-</strong></span> 
     </span>
     <span class='ocr_line' id='line_1_59' title="bbox 120 5222 1874 5304; baseline 0.002 -18"><span class='ocrx_word' id='word_1_755' title='bbox 120 5229 158 5286; x_wconf 87' lang='grc' dir='ltr'><strong>ιιι</strong></span> <span class='ocrx_word' id='word_1_756' title='bbox 172 5225 361 5304; x_wconf 87' lang='lat' dir='ltr'><strong>Augustinus</strong></span> <span class='ocrx_word' id='word_1_757' title='bbox 375 5222 531 5287; x_wconf 91' lang='lat' dir='ltr'><strong>docotlib.</strong></span> <span class='ocrx_word' id='word_1_758' title='bbox 548 5223 597 5288; x_wconf 88' lang='grc'><strong>12.</strong></span> <span class='ocrx_word' id='word_1_759' title='bbox 613 5225 652 5288; x_wconf 90' lang='lat' dir='ltr'><strong>de</strong></span> <span class='ocrx_word' id='word_1_760' title='bbox 664 5225 776 5292; x_wconf 84' lang='lat' dir='ltr'><strong>(lenes.</strong></span> <span class='ocrx_word' id='word_1_761' title='bbox 789 5225 827 5288; x_wconf 90' lang='lat' dir='ltr'><strong>ad</strong></span> <span class='ocrx_word' id='word_1_762' title='bbox 842 5225 973 5298; x_wconf 89' lang='lat' dir='ltr'><strong>literam,</strong></span> <span class='ocrx_word' id='word_1_763' title='bbox 1019 5241 1102 5302; x_wconf 90' lang='lat' dir='ltr'><strong>nem,</strong></span> <span class='ocrx_word' id='word_1_764' title='bbox 1115 5226 1168 5289; x_wconf 90' lang='lat' dir='ltr'><strong>ubi</strong></span> <span class='ocrx_word' id='word_1_765' title='bbox 1181 5227 1267 5302; x_wconf 90' lang='lat' dir='ltr'><strong>dicit,</strong></span> <span class='ocrx_word' id='word_1_766' title='bbox 1282 5227 1445 5290; x_wconf 85' lang='lat' dir='ltr'><strong>Dominum</strong></span> <span class='ocrx_word' id='word_1_767' title='bbox 1462 5243 1522 5290; x_wconf 93' lang='lat' dir='ltr'><strong>non</strong></span> <span class='ocrx_word' id='word_1_768' title='bbox 1544 5225 1712 5298; x_wconf 89' lang='lat' dir='ltr'><strong>addidisse,</strong></span> <span class='ocrx_word' id='word_1_769' title='bbox 1736 5231 1874 5290; x_wconf 89' lang='lat' dir='ltr'><strong>mortuus</strong></span> 
     </span>
     <span class='ocr_line' id='line_1_60' title="bbox 122 5305 1878 5454; baseline 0.001 -85"><span class='ocrx_word' id='word_1_770' title='bbox 122 5322 195 5385; x_wconf 88' lang='lat' dir='ltr'><strong>cap.</strong></span> <span class='ocrx_word' id='word_1_771' title='bbox 208 5305 364 5387; x_wconf 83' lang='lat' dir='ltr'><strong>35.Aique</strong></span> <span class='ocrx_word' id='word_1_772' title='bbox 378 5305 451 5369; x_wconf 90' lang='lat' dir='ltr'><strong>hinc</strong></span> <span class='ocrx_word' id='word_1_773' title='bbox 462 5307 600 5369; x_wconf 87' lang='lat' dir='ltr'><strong>ridemus</strong></span> <span class='ocrx_word' id='word_1_774' title='bbox 611 5308 779 5388; x_wconf 88' lang='lat' dir='ltr'><strong>prophetae</strong></span> <span class='ocrx_word' id='word_1_775' title='bbox 790 5307 979 5372; x_wconf 89' lang='lat' dir='ltr'><strong>inobedienti</strong></span> <span class='ocrx_word' id='word_1_776' title='bbox 1024 5307 1079 5384; x_wconf 85' lang='lat' dir='ltr'><strong>lui,</strong></span> <span class='ocrx_word' id='word_1_777' title='bbox 1101 5309 1259 5454; x_wconf 47' lang='lat' dir='ltr'><strong>sepelistis</strong></span> <span class='ocrx_word' id='word_1_778' title='bbox 1280 5326 1340 5386; x_wconf 91' lang='lat' dir='ltr'><strong>me,</strong></span> <span class='ocrx_word' id='word_1_779' title='bbox 1364 5310 1433 5391; x_wconf 90' lang='lat' dir='ltr'><strong>quia</strong></span> <span class='ocrx_word' id='word_1_780' title='bbox 1455 5316 1566 5390; x_wconf 89' lang='lat' dir='ltr'><strong>sponte</strong></span> <span class='ocrx_word' id='word_1_781' title='bbox 1588 5324 1642 5372; x_wconf 89' lang='lat' dir='ltr'><strong>sua</strong></span> <span class='ocrx_word' id='word_1_782' title='bbox 1657 5307 1800 5372; x_wconf 88' lang='lat' dir='ltr'><strong>homines</strong></span> <span class='ocrx_word' id='word_1_783' title='bbox 1814 5325 1878 5371; x_wconf 89' lang='lat' dir='ltr'><strong>non</strong></span> 
     </span>
     <span class='ocr_line' id='line_1_61' title="bbox 123 5389 1897 5474; baseline 0.001 -24"><span class='ocrx_word' id='word_1_784' title='bbox 123 5390 229 5452; x_wconf 89' lang='lat' dir='ltr'><strong>datum</strong></span> <span class='ocrx_word' id='word_1_785' title='bbox 245 5389 277 5452; x_wconf 93' lang='lat' dir='ltr'><strong>in</strong></span> <span class='ocrx_word' id='word_1_786' title='bbox 293 5395 474 5469; x_wconf 89' lang='lat' dir='ltr'><strong>poenam,ut</strong></span> <span class='ocrx_word' id='word_1_787' title='bbox 489 5405 550 5453; x_wconf 90' lang='lat' dir='ltr'><strong>non</strong></span> <span class='ocrx_word' id='word_1_788' title='bbox 562 5390 745 5471; x_wconf 87' lang='lat' dir='ltr'><strong>sepeliretur</strong></span> <span class='ocrx_word' id='word_1_789' title='bbox 758 5407 828 5454; x_wconf 90' lang='lat' dir='ltr'><strong>cum</strong></span> <span class='ocrx_word' id='word_1_790' title='bbox 841 5391 981 5471; x_wconf 92' lang='lat' dir='ltr'><strong>patribus</strong></span> <span class='ocrx_word' id='word_1_791' title='bbox 1026 5392 1125 5456; x_wconf 87' lang='lat' dir='ltr'><strong>solum</strong></span> <span class='ocrx_word' id='word_1_792' title='bbox 1163 5409 1220 5456; x_wconf 91' lang='lat' dir='ltr'><strong>auc</strong></span> <span class='ocrx_word' id='word_1_793' title='bbox 1234 5393 1461 5474; x_wconf 74' lang='lat' dir='ltr'><strong>eleemosynam</strong></span> <span class='ocrx_word' id='word_1_794' title='bbox 1474 5393 1575 5456; x_wconf 90' lang='lat' dir='ltr'><strong>lacere</strong></span> <span class='ocrx_word' id='word_1_795' title='bbox 1589 5391 1702 5470; x_wconf 89' lang='lat' dir='ltr'><strong>solent,</strong></span> <span class='ocrx_word' id='word_1_796' title='bbox 1718 5391 1878 5455; x_wconf 89' lang='lat' dir='ltr'><strong>sedetiam</strong></span> <span class='ocrx_word' id='word_1_797' title='bbox 1894 5412 1897 5418; x_wconf 53' lang='lat'><em>¹</em></span> 
     </span>
     <span class='ocr_line' id='line_1_62' title="bbox 124 5471 1881 5552; baseline 0.001 -18"><span class='ocrx_word' id='word_1_798' title='bbox 124 5471 205 5548; x_wconf 87' lang='lat' dir='ltr'><strong>suis,</strong></span> <span class='ocrx_word' id='word_1_799' title='bbox 219 5471 250 5535; x_wconf 89' lang='grc'><strong>3.</strong></span> <span class='ocrx_word' id='word_1_800' title='bbox 266 5471 342 5552; x_wconf 89' lang='lat' dir='ltr'><strong>Reg.</strong></span> <span class='ocrx_word' id='word_1_801' title='bbox 362 5471 412 5534; x_wconf 90' lang='grc'><strong>13.</strong></span> <span class='ocrx_word' id='word_1_802' title='bbox 1029 5474 1159 5538; x_wconf 90' lang='lat' dir='ltr'><strong>nimium</strong></span> <span class='ocrx_word' id='word_1_803' title='bbox 1180 5477 1211 5537; x_wconf 93' lang='lat' dir='ltr'><strong>in</strong></span> <span class='ocrx_word' id='word_1_804' title='bbox 1233 5492 1269 5538; x_wconf 88' lang='lat' dir='ltr'><strong>ea</strong></span> <span class='ocrx_word' id='word_1_805' title='bbox 1289 5475 1428 5539; x_wconf 89' lang='lat' dir='ltr'><strong>iacienda</strong></span> <span class='ocrx_word' id='word_1_806' title='bbox 1449 5475 1611 5540; x_wconf 82' lang='lat' dir='ltr'><strong>excedere.</strong></span> <span class='ocrx_word' id='word_1_807' title='bbox 1634 5475 1718 5540; x_wconf 86' lang='lat' dir='ltr'><strong>Sicut</strong></span> <span class='ocrx_word' id='word_1_808' title='bbox 1745 5474 1828 5538; x_wconf 89' lang='lat' dir='ltr'><strong>enirn</strong></span> <span class='ocrx_word' id='word_1_809' title='bbox 1849 5473 1881 5535; x_wconf 93' lang='lat' dir='ltr'><strong>in</strong></span> 
     </span>
    </p>
   </div>
   <div class='ocr_carea' id='block_1_3' title="bbox 124 5552 1883 5806">
    <p class='ocr_par' dir='ltr' id='par_1_3' title="bbox 124 5552 1883 5806">
     <span class='ocr_line' id='line_1_63' title="bbox 167 5552 1880 5640; baseline 0.003 -25"><span class='ocrx_word' id='word_1_810' title='bbox 167 5552 281 5628; x_wconf 82' lang='lat' dir='ltr'><strong>Tertia,</strong></span> <span class='ocrx_word' id='word_1_811' title='bbox 297 5555 412 5618; x_wconf 90' lang='lat' dir='ltr'><strong>utilitas</strong></span> <span class='ocrx_word' id='word_1_812' title='bbox 427 5554 612 5618; x_wconf 85' lang='lat' dir='ltr'><strong>nasciturex</strong></span> <span class='ocrx_word' id='word_1_813' title='bbox 627 5569 675 5632; x_wconf 90' lang='lat' dir='ltr'><strong>eo,</strong></span> <span class='ocrx_word' id='word_1_814' title='bbox 693 5555 773 5635; x_wconf 91' lang='lat' dir='ltr'><strong>quod</strong></span> <span class='ocrx_word' id='word_1_815' title='bbox 789 5556 984 5621; x_wconf 89' lang='lat' dir='ltr'><strong>amultisde·</strong></span> <span class='ocrx_word' id='word_1_816' title='bbox 1030 5558 1121 5622; x_wconf 92' lang='lat' dir='ltr'><strong>bonis</strong></span> <span class='ocrx_word' id='word_1_817' title='bbox 1141 5557 1246 5634; x_wconf 87' lang='lat' dir='ltr'><strong>robus,</strong></span> <span class='ocrx_word' id='word_1_818' title='bbox 1273 5558 1312 5621; x_wconf 91' lang='lat' dir='ltr'><strong>ita</strong></span> <span class='ocrx_word' id='word_1_819' title='bbox 1335 5559 1425 5622; x_wconf 89' lang='lat' dir='ltr'><strong>etiam</strong></span> <span class='ocrx_word' id='word_1_820' title='bbox 1441 5561 1471 5621; x_wconf 92' lang='lat' dir='ltr'><strong>in</strong></span> <span class='ocrx_word' id='word_1_821' title='bbox 1487 5559 1545 5624; x_wconf 89' lang='lat' dir='ltr'><strong>hau</strong></span> <span class='ocrx_word' id='word_1_822' title='bbox 1564 5558 1681 5624; x_wconf 90' lang='lat' dir='ltr'><strong>abusus</strong></span> <span class='ocrx_word' id='word_1_823' title='bbox 1701 5557 1823 5640; x_wconf 90' lang='lat' dir='ltr'><strong>quidam</strong></span> <span class='ocrx_word' id='word_1_824' title='bbox 1846 5573 1880 5620; x_wconf 88' lang='lat' dir='ltr'><strong>sc</strong></span> 
     </span>
     <span class='ocr_line' id='line_1_64' title="bbox 124 5635 1882 5721; baseline 0.002 -24"><span class='ocrx_word' id='word_1_825' title='bbox 124 5635 281 5701; x_wconf 88' lang='lat' dir='ltr'><strong>ducuntur</strong></span> <span class='ocrx_word' id='word_1_826' title='bbox 292 5639 330 5702; x_wconf 91' lang='lat' dir='ltr'><strong>ad</strong></span> <span class='ocrx_word' id='word_1_827' title='bbox 346 5639 557 5719; x_wconf 70' lang='lat' dir='ltr'><strong>sepulchrum</strong></span> <span class='ocrx_word' id='word_1_828' title='bbox 573 5638 646 5701; x_wconf 92' lang='lat' dir='ltr'><strong>hinc</strong></span> <span class='ocrx_word' id='word_1_829' title='bbox 669 5640 750 5706; x_wconf 90' lang='lat' dir='ltr'><strong>euim</strong></span> <span class='ocrx_word' id='word_1_830' title='bbox 771 5655 827 5721; x_wconf 87' lang='lat' dir='ltr'><strong>per</strong></span> <span class='ocrx_word' id='word_1_831' title='bbox 841 5639 986 5706; x_wconf 86' lang='lat' dir='ltr'><strong>accidens</strong></span> <span class='ocrx_word' id='word_1_832' title='bbox 1030 5641 1203 5717; x_wconf 89' lang='lat' dir='ltr'><strong>admiscuit,</strong></span> <span class='ocrx_word' id='word_1_833' title='bbox 1221 5657 1281 5721; x_wconf 90' lang='lat' dir='ltr'><strong>quo</strong></span> <span class='ocrx_word' id='word_1_834' title='bbox 1296 5640 1405 5705; x_wconf 88' lang='lat' dir='ltr'><strong>diritcs</strong></span> <span class='ocrx_word' id='word_1_835' title='bbox 1419 5641 1563 5721; x_wconf 90' lang='lat' dir='ltr'><strong>pretiosis</strong></span> <span class='ocrx_word' id='word_1_836' title='bbox 1577 5643 1713 5706; x_wconf 90' lang='lat' dir='ltr'><strong>restibus</strong></span> <span class='ocrx_word' id='word_1_837' title='bbox 1723 5639 1821 5704; x_wconf 89' lang='lat' dir='ltr'><strong>induti</strong></span> <span class='ocrx_word' id='word_1_838' title='bbox 1834 5655 1882 5702; x_wconf 86' lang='lat' dir='ltr'><strong>se-</strong></span> 
     </span>
     <span class='ocr_line' id='line_1_65' title="bbox 127 5718 1883 5806; baseline 0.003 -26"><span class='ocrx_word' id='word_1_839' title='bbox 127 5718 174 5796; x_wconf 80' lang='lat' dir='ltr'><strong>itt,</strong></span> <span class='ocrx_word' id='word_1_840' title='bbox 189 5725 221 5792; x_wconf 91' lang='lat' dir='ltr'><strong>ui</strong></span> <span class='ocrx_word' id='word_1_841' title='bbox 236 5739 251 5784; x_wconf 93' lang='lat' dir='ltr'><strong>a</strong></span> <span class='ocrx_word' id='word_1_842' title='bbox 269 5722 374 5794; x_wconf 89' lang='lat' dir='ltr'><strong>multis</strong></span> <span class='ocrx_word' id='word_1_843' title='bbox 391 5738 445 5806; x_wconf 93' lang='lat' dir='ltr'><strong>pro</strong></span> <span class='ocrx_word' id='word_1_844' title='bbox 462 5721 507 5792; x_wconf 90' lang='lat' dir='ltr'><strong>eis</strong></span> <span class='ocrx_word' id='word_1_845' title='bbox 522 5729 637 5792; x_wconf 87' lang='lat' dir='ltr'><strong>oretur.</strong></span> <span class='ocrx_word' id='word_1_846' title='bbox 1030 5724 1118 5806; x_wconf 89' lang='lat' dir='ltr'><strong>peliri</strong></span> <span class='ocrx_word' id='word_1_847' title='bbox 1132 5725 1244 5804; x_wconf 82' lang='lat' dir='ltr'><strong>solent3</strong></span> <span class='ocrx_word' id='word_1_848' title='bbox 1259 5725 1371 5790; x_wconf 89' lang='lat' dir='ltr'><strong>melius</strong></span> <span class='ocrx_word' id='word_1_849' title='bbox 1385 5724 1467 5792; x_wconf 89' lang='lat' dir='ltr'><strong>enim</strong></span> <span class='ocrx_word' id='word_1_850' title='bbox 1483 5731 1576 5803; x_wconf 89' lang='lat' dir='ltr'><strong>esset,</strong></span> <span class='ocrx_word' id='word_1_851' title='bbox 1593 5732 1623 5791; x_wconf 90' lang='lat' dir='ltr'><strong>et</strong></span> <span class='ocrx_word' id='word_1_852' title='bbox 1637 5723 1764 5790; x_wconf 81' lang='lat' dir='ltr'><strong>mortuis</strong></span> <span class='ocrx_word' id='word_1_853' title='bbox 1788 5723 1883 5788; x_wconf 91' lang='lat' dir='ltr'><strong>multo</strong></span> 
     </span>
    </p>
   </div>
   <div class='ocr_carea' id='block_1_4' title="bbox 0 0 2084 6292">
    <p class='ocr_par' dir='ltr' id='par_1_4' title="bbox 0 0 2084 6292">
     <span class='ocr_line' id='line_1_66' title="bbox 0 0 2084 6292; baseline 0 0"><span class='ocrx_word' id='word_1_854' title='bbox 0 0 2084 6292; x_wconf 95' lang='lat' dir='ltr'><strong> </strong></span> 
     </span>
    </p>
   </div>
  </div>
 </body>
</html>
