4086 6296
822 368 921 427 bilibit
940 365 1116 424 SECUNHUS
1714 365 1766 424 ³03

51 511 90 568 ut
102 518 219 568 eorona
233 499 415 580 capillorum
431 505 606 582 appareret,
622 499 704 581 quod
721 506 804 564 uerte
816 516 878 562 nou
892 517 922 563 e·
970 497 1130 561 tondendi
1142 499 1230 570 aaut,
1246 509 1315 559 uun
1328 495 1504 571 66666616,
1521 497 1578 560 sed
1590 501 1759 562 tomorum
1771 502 1836 578 161·

51 593 103 649 161
120 588 153 648 16
166 583 324 648 6666661
337 599 395 644 666
412 584 573 646 laieorum.
969 577 1095 656 picibus.
1112 577 1372 656 1666166616
1388 578 1576 652 milevitano,
1593 579 1646 658 qui
1662 577 1718 640 lib.
1732 589 1838 644 eontra

96 663 410 730 bliaratioredditur
425 666 463 727 ab
488 665 609 728 Isidoro
628 663 684 726 lib.
708 665 738 726 2.
763 663 801 725 16
817 663 927 726 oliloiis
972 658 1207 722 Parmenianum
1230 661 1329 736 arguit
1356 659 1543 733 Donatistas,
1570 661 1840 738 quodeatboiieis

52 748 173 811 divinis
188 765 257 825 666.
274 745 305 806 1.
322 745 404 824 quod
421 746 566 808 nimirum
590 746 733 808 monaebi
756 744 925 806 tondeban·
971 741 1197 810 sacerdotibus,
1213 740 1338 817 pervim
1354 741 1454 819 capita
1478 742 1622 803 raserint:
1651 741 1775 818 Doeete,
1792 745 1837 806 iu·

52 837 104 892 tur
120 829 159 891 ad
175 828 375 890 imitationem
391 825 621 898 Nazaraeorum,
637 827 735 907 quiin
750 825 800 888 die
816 842 925 888 oense·
972 823 1049 902 quit,
1065 822 1226 885 61166616
1240 823 1437 884 mundatum
1450 822 1503 896 uit,
1520 823 1641 886 rodere
1659 826 1771 902 666116
1783 841 1836 888 so·

51 910 204 972 erationis
219 925 295 972 suae
311 908 528 984 tondebantur,
544 915 578 970 ut
593 907 705 971 dieitur
719 907 807 970 lium.
822 907 854 970 6.
871 907 926 970 Na·
972 903 1751 985 6616611116616666661161161611616666616
1761 921 1838 986 pro·

51 991 496 1053 aaraoienirnsuntmonaebi
525 989 713 1052 Testamenti
742 990 867 1052 ueteris.
891 989 928 1050 bt
970 983 1178 1068 6661166611
1192 983 1401 1048 6611161616.
1433 985 1509 1046 1166
1539 1001 1576 1048 er
1601 985 1788 1067 Hieronymo
1804 989 1836 1052 in
1943 1021 1944 1024 ¹

50 1074 134 1135 haee
149 1073 229 1134 ratio
244 1088 307 1134 uun
322 1070 398 1132 mibi
415 1072 573 1150 probatur,
602 1069 757 1150 siquidem
787 1071 925 1146 tlararuei
972 1085 1042 1144 666.
1058 1067 1111 1130 11.
1130 1065 1314 1139 Ezechielis,
1331 1065 1383 1126 ubi
1400 1064 1485 1141 dioit,
1502 1067 1682 1130 sacerdotes
1705 1069 1837 1132 66616·

51 1155 249 1216 166666166
265 1152 481 1226 tondebantur,
498 1169 569 1214 oum
590 1151 776 1215 desinebant
787 1168 859 1215 esse
872 1152 926 1214 iia·
970 1149 1046 1212 bero
1061 1165 1180 1210 oomam
1195 1149 1290 1221 61616,
1306 1163 1365 1209 666
1378 1152 1480 1208 161666
1497 1147 1574 1219 radi,
1591 1149 1647 1210 sed
1663 1149 1702 1210 ita
1728 1150 1837 1213 tunde·

51 1235 169 1310 zaraei,
187 1233 374 1312 insigneque
390 1233 513 1295 iliorum
530 1240 594 1295 orat
609 1234 699 1313 longa
715 1234 881 1304 caesaries,
895 1239 928 1295 ut
970 1233 1008 1303 ri,
1026 1237 1059 1292 ut
1074 1232 1154 1294 eutis
1171 1235 1249 1292 16616
1265 1233 1398 1290 6166661.
1413 1227 1554 1307 Denique
1569 1228 1748 1310 Dionysius,
1766 1231 1838 1310 Epi·

52 1333 92 1378 ex
110 1317 222 1378 eodem
239 1332 307 1392 666.
325 1315 355 1376 tt.
373 1315 494 1377 Humeri
510 1321 603 1392 patet.
620 1314 718 1376 immo
733 1314 926 1392 Epiphanius
971 1312 1114 1391 pbanius,
1133 1309 1350 1390 Hieronymus,
1367 1307 1563 1384 1116666166,
1581 1310 1757 1388 Palladius,
1776 1313 1836 1375 16·

49 1399 181 1460 haeres.
197 1395 249 1458 86.
263 1397 371 1475 616661
386 1398 555 1458 monaobus
577 1400 699 1458 nostros
711 1395 827 1458 debere
853 1411 925 1458 esse
970 1393 1126 1474 gostinus,
1141 1391 1294 1464 isidorus,
1311 1391 1404 1462 Beda,
1433 1396 1463 1453 et
1475 1389 1607 1454 66661116
1623 1393 1839 1473 carthaginen·

49 1486 178 1553 tonsos,
195 1477 267 1558 quin
281 1493 389 1555 gerere
404 1493 523 1539 nomam
539 1478 674 1556 tongam,
698 1481 746 1539 est
767 1478 926 1554 proprium
970 1490 1005 1536 sa
1021 1480 1052 1534 et
1063 1474 1231 1534 toletanum
1248 1487 1402 1551 nusquam
1417 1473 1578 1534 nominant
1591 1489 1729 1536 rasuram
1748 1519 1756 1547 ,
1781 1477 1838 1538 sed

51 1561 283 1622 1666666166
297 1559 484 1621 Testamenti
501 1562 626 1620 ueteris.
645 1557 732 1619 Siout
753 1558 843 1618 etiam
867 1559 927 1620 bu·
970 1554 1069 1616 solam
1083 1559 1255 1616 tonsuram.
1275 1552 1359 1614 Unus
1374 1559 1421 1614 est
1435 1553 1584 1616 Anicetus
1599 1570 1690 1633 papa,
1708 1556 1773 1634 qui,
1804 1564 1838 1619 ut

51 1643 204 1721 gostinus
218 1640 274 1702 lib.
293 1641 442 1718 1666616
458 1640 677 1702 monachorum
694 1684 701 1710 ,
717 1653 816 1718 propa
832 1638 925 1700 buum
970 1635 1175 1712 dixi,rasurae
1191 1633 1402 1708 meminit,sed
1418 1649 1479 1695 non
1496 1639 1590 1697 66166
1607 1636 1736 1712 66161616
1749 1653 1836 1717 pror-

51 1725 146 1795 dieit,
162 1722 269 1784 Patres
297 1721 483 1786 Testamenti
509 1721 622 1784 ueteris
647 1719 756 1782 merito
785 1726 925 1798 gestasse
969 1733 1024 1779 sus
1039 1716 1224 1789 indubitata,
1249 1715 1689 1780 1611666161616661116166
1713 1734 1839 1797 616666·

53 1802 576 1884 16666666611166,6ιιι666616116
599 1800 822 1879 redemptionis
850 1816 926 1863 non·
970 1799 1117 1860 turillae
1139 1803 1240 1858 tamen
1267 1801 1428 1874 propterea
1457 1797 1718 1875 reprebendimus
1746 1815 1838 1865 usum

52 1887 131 1948 dum
147 1887 280 1948 revelata
296 1891 394 1947 erant.
409 1887 492 1946 1166
509 1885 591 1946 6616
614 1881 830 1963 signillaubant
843 1884 924 1944 vela·
971 1880 1065 1960 buius
1081 1879 1250 1958 temporis,
1268 1894 1330 1950 666
1346 1878 1488 1939 monaebi
1510 1884 1541 1940 et
1555 1880 1661 1942 cleriei
1677 1881 1838 1960 roduntur3

52 1984 130 2030 men
143 1969 280 2046 positum
295 1967 327 2027 16
342 1966 419 2028 16616
434 1966 561 2046 Hoysis,
585 1971 615 2028 et
630 1979 717 2027 ooma
743 1965 835 2042 ionga
857 1980 927 2026 san·
968 1962 1042 2024 Num
1058 1977 1117 2023 666
1132 1975 1268 2038 unquam
1283 1959 1340 2020 luit
1352 1959 1542 2036 prohibitum
1563 1961 1640 2035 radi,
1669 1968 1700 2023 et
1714 1969 1836 2040 praete·

52 2048 339 2112 616166116666
355 2054 460 2125 666166
486 2063 578 2127 quam
605 2045 745 2109 Christus
760 2045 924 2123 apparuit,
962 2060 1022 2107 ‚rea
1038 2041 1191 2113 eiusmodi
1207 2041 1433 2112 eaeremoniue,
1447 2057 1502 2118 pro
1518 2047 1691 2120 temporum
1708 2047 1739 2106 61
1750 2045 1833 2109 iouu-

53 2132 216 2204 oonvenit,
230 2135 265 2190 ut
279 2130 331 2208 qui
348 2125 468 2192 Cbrislo
484 2134 557 2192 suot
584 2127 758 2191 consecrati
776 2174 783 2200 ,
807 2126 927 2189 eontra·
969 2142 1037 2188 rum
1054 2123 1244 2194 diversitate,
1261 2121 1368 2184 variari
1385 2126 1526 2200 possunt.

53 2213 138 2274 rium
154 2208 332 2291 signilleent
346 2210 500 2274 ablatione
516 2226 672 2274 eumarum
691 2255 699 2279 ‚
730 2213 761 2272 el
781 2208 858 2271 baeu
873 2225 924 2287 po·
1010 2207 1053 2270 bd
1066 2209 1245 2284 argumenta
1260 2204 1414 2266 Hortensii
1430 2204 1669 2282 respondemus:
1679 2207 1712 2267 16
1729 2207 1838 2286 primis

51 2301 116 2357 test
132 2309 208 2354 essa
220 2291 296 2353 ratio
309 2293 404 2371 prima
421 2298 545 2355 nostrae
559 2299 715 2354 tonsurae.
970 2293 1134 2366 praerapto
1148 2286 1199 2348 illa
1215 2301 1286 2348 esse
1299 2285 1582 2361 caeremonialium
1595 2293 1759 2365 propterea
1773 2303 1837 2351 nou

96 2375 276 2438 Seouudam
288 2372 390 2435 reddit
411 2373 491 2436 Bada
507 2373 564 2436 lib.
591 2372 712 2435 611161.
729 2387 797 2450 666.
815 2370 867 2433 22.
887 2371 938 2433 ad·
971 2371 1069 2450 magis
1081 2369 1232 2446 obligare,
1249 2383 1341 2446 quam
1357 2366 1497 2444 obligent
1518 2367 1727 2446 oiroumoisio,
1740 2371 1835 2432 saeri-

53 2455 290 2535 osprlnrendarn
303 2453 471 2531 imaginem
487 2455 618 2535 spineae
631 2469 763 2516 ourunae
786 2452 898 2516 Christi
916 2472 925 2530 3
969 2453 1038 2515 lieia
1054 2447 1204 2514 61611166
1220 2455 1377 2526 praeterea
1395 2450 1528 2527 primum
1559 2454 1590 2511 61
1604 2451 1778 2522 seeundum
1792 2451 1837 2512 lo·

52 2545 89 2600 ut
106 2539 190 2600 enim
206 2551 316 2599 omnes
332 2536 497 2600 Christiani
523 2536 614 2616 signo
628 2534 797 2598 'communi
820 2535 923 2597 erools
970 2551 1041 2597 oum
1058 2533 1202 2596 6116111.
1218 2531 1268 2593 11.
1293 2537 1323 2594 61
1337 2529 1473 2593 Hieram.
1490 2531 1837 2610 1.616116666166616;

52 2623 218 2690 ornantur,
235 2618 274 2678 ita
290 2634 345 2698 por
360 2624 435 2696 erat,
451 2623 486 2681 ut
500 2617 606 2698 elarini
636 2623 667 2678 et
682 2615 826 2679 monaehi
844 2661 852 2689 ,
872 2616 925 2696 qui
971 2633 1042 2678 narn
1056 2620 1089 2677 ut
1103 2619 1186 2676 reete
1209 2612 1474 2698 notavitisiobius
1488 2613 1518 2674 16
1534 2614 1620 2675 1666
1635 2613 1750 2685 16666,
1768 2618 1836 2676 166·

51 2699 390 2780 specialiustristum
406 2705 574 2781 potientem
589 2698 701 2761 imitari
714 2699 840 2770 1611661,
854 2714 925 2777 spe·
971 2699 1045 2760 dore
1061 2712 1181 2759 66666
1197 2696 1229 2756 in
1244 2694 1422 2768 rotundum,
1440 2709 1502 2756 non
1518 2700 1566 2758 est
1581 2711 1700 2756 rumam
1713 2695 1838 2758 seinde·

51 2785 126 2846 oiali
138 2784 228 2876 61666
240 2787 436 2845 ornarentur.
970 2797 1017 2852 ro,
1032 2779 1088 2843 sad
1105 2793 1228 2840 ornare.
1253 2778 1360 2855 116666
1377 2774 1563 2854 prohibebat
1587 2779 1670 2840 boos
1684 2769 1813 2839 iudaeis'
1829 2822 1838 2850 ,

97 2864 232 2926 Tertiam
249 2871 280 2938 61
291 2871 430 2943 quartam
446 2863 598 2938 rationem
627 2861 763 2924 reddunt
786 2860 926 2924 Isidorus
971 2877 1140 2925 6666666
1154 2859 1315 2922 rotundam
1329 2857 1489 2920 allicerent
1505 2876 1514 2934 3
1538 2857 1620 2936 quod
1636 2865 1720 2921 uerle
1735 2872 1841 2920 mona·

52 2946 113 3008 lib.
130 2947 162 3008 2.
180 2961 250 3024 666.
267 2944 299 3007 1.
317 2946 356 3008 16
372 2945 483 3028 61116116
499 2944 623 3018 diuinis,
648 2942 794 3006 Hebenus
820 2942 876 3004 lib.
895 2942 923 3006 1.
970 2945 1021 3007 obi
1038 2959 1101 3006 non
1115 2941 1242 3013 laoiunt,
1266 2940 1317 3020 qui
1334 2952 1456 3001 66666
1471 2941 1604 3014 161661,
1628 2956 1691 3003 666
1717 2940 1835 3002 6116616

51 3028 94 3090 16
110 3027 209 3088 166111.
225 3025 410 3090 6161166166
426 3043 496 3104 666.
513 3027 543 3090 3.
561 3031 592 3088 61
605 3025 695 3104 Hugu
710 3024 800 3087 1112.
816 3024 856 3087 16
871 3023 925 3086 86·
970 3027 1151 3104 capillorum
1167 3029 1309 3102 exeepto.
1326 3021 1430 3100 116666
1442 3022 1502 3083 166
1513 3021 1597 3083 Deus
1609 3022 1750 3084 absoluto
1765 3037 1836 3101 pro·

51 3109 222 3172 oramentis
237 3113 315 3188 part.
333 3109 364 3170 3.
381 3125 450 3188 666.
468 3108 498 3170 1.
514 3108 622 3171 116661
637 3106 719 3168 6616
739 3105 858 3169 1661611
875 3121 924 3168 ou·
969 3109 1108 3181 bibebat,
1125 3105 1181 3168 sed
1197 3106 1297 3173 solum
1328 3108 1454 3181 propter
1475 3103 1678 3166 intentionem
1700 3103 1833 3177 malam,

52 3190 162 3269 pillos,
178 3188 319 3269 quisunt
340 3190 518 3267 superfluae
533 3188 688 3268 quaedam
700 3188 840 3266 eorporis
857 3203 924 3267 pur·
969 3191 1114 3252 nimirum
1126 3203 1166 3249 ne
1178 3189 1238 3258 1166
1253 3186 1389 3248 16661661
1411 3183 1443 3246 16
1460 3185 1575 3247 661166
1602 3183 1786 3258 daemonis,
1802 3190 1837 3245 ut

51 3281 102 3335 tes
118 3272 156 3334 ad
172 3269 413 3352 significandum
431 3318 440 3345 ,
470 3271 586 3335 debere
613 3269 745 3333 elericos
775 3277 806 3332 61
821 3285 924 3330 tutona·
970 3288 1008 3336 eo
1025 3269 1253 3349 16666166116
1271 3269 1309 3328 iis
1326 3267 1402 3329 16616
1417 3265 1551 3345 gentiles
1567 3266 1835 3339 1661666616166-

54 3355 136 3416 obus
152 3353 253 3415 omnia
266 3353 436 3432 superflua,
453 3359 484 3416 et
498 3352 666 3433 praecipue
681 3351 807 3414 vitiosus
837 3351 923 3430 oopi·
967 3359 1031 3417 tant
1045 3349 1259 3414 'lbeodoretus
1282 3355 1402 3428 quaest.
1420 3347 1472 3410 26.
1488 3349 1517 3408 16
1530 3347 1714 3426 Levitioum,
1732 3353 1763 3410 ot
1777 3346 1832 3408 isi·

54 3437 170 3498 dilates
185 3439 355 3514 amputare,
372 3441 407 3497 ut
420 3434 466 3498 sie
481 3441 604 3498 maneat
617 3438 732 3507 uertex,
749 3432 842 3507 idest,
859 3431 923 3494 aui·
945 3436 1069 3506 -obius,
1083 3451 1118 3496 ao
1134 3432 1315 3506 Raduipbus
1331 3432 1361 3490 in
1378 3431 1463 3491 buno
1478 3430 1593 3492 16666.
1751 3447 1753 3451 ·

55 3533 129 3580 mus
146 3516 225 3578 liber
249 3522 281 3579 et
309 3521 436 3595 apertus
466 3516 580 3578 divinis
609 3513 925 3593 contemplationibus
1009 3518 1054 3579 11
1078 3509 1837 3590 1611661661.21.1166.1616666166616166·

56 3605 89 3662 61
104 3597 376 3660 illustrationibus.
392 3597 430 3659 Ει
443 3613 565 3660 161666
586 3597 633 3658 616
657 3596 778 3658 1661611
794 3595 922 3671 116661,
968 3597 1100 3670 6611611,
1120 3592 1538 3672 661616166661-61661616,
1562 3591 1674 3656 66166
1696 3591 1784 3653 16161
1805 3591 1837 3652 16

53 3685 89 3742 61
111 3679 457 3758 1611666616161166166
473 3678 720 3758 eupillorum,ad
747 3675 924 3755 signibean·
969 3685 1069 3744 morte
1095 3677 1227 3755 alioujus
1256 3673 1422 3753 propinqui
1445 3673 1520 3748 sui,
1550 3673 1729 3751 insignum
1751 3671 1837 3734 doio·

54 3763 126 3825 dam
142 3761 259 3840 166166
274 3776 431 3836 6616666,
448 3755 833 3842 6666166611666611116
847 3757 923 3834 Deo,
969 3759 1131 3825 risiotuit
1145 3761 1228 3820 6616
1244 3757 1329 3819 bens
1344 3757 1524 3818 saeerdotes
1540 3769 1611 3818 esse
1625 3753 1755 3817 66616116
1764 3769 1837 3816 666·

54 3849 265 3922 1666616661.
972 3842 1150 3906 6166116166.
1385 3889 1386 3892 1
1534 3871 1535 3874 =

99 3924 245 4000 Quintam
260 3922 362 3985 reddit
375 3921 543 4003 Dionysius
565 3939 635 4002 unp.
659 3919 691 3984 6.
721 3919 926 3983 1166166116·
1012 3923 1055 3986 td
1071 3927 1213 4001 quartum
1228 3919 1341 3981 iizeeb.
1359 3917 1410 3979 11.
1428 3917 1516 3990 diuo,
1547 3916 1764 3981 sacerdotibus
1784 3917 1838 3978 iu·

57 4006 163 4068 rarcb.
179 4010 215 4067 ut
230 4003 422 4084 signiiioelur
444 4006 495 4066 illa
524 4003 694 4067 nudatione
717 4001 838 4080 eapitis,
868 4002 928 4062 vita
971 4007 1117 4068 daeurum
1133 4002 1231 4066 luisse
1247 3997 1430 4080 p'robibitam
1454 4015 1603 4070 rasuram,
1626 4015 1689 4060 non
1705 3997 1789 4078 quod
1807 3997 1838 4057 16

56 4103 135 4165 pora
151 4091 183 4148 et
197 4091 313 4164 aperta,
329 4102 393 4150 uon
405 4086 503 4149 166616
527 4087 589 4150 ulia
605 4084 714 4166 speeie
730 4129 739 4162 ,
757 4099 849 4165 quam
865 4099 928 4146 mo·
971 4103 1007 4150 se
1023 4087 1100 4148 mala
1117 4085 1176 4158 sit,
1187 4083 1243 4147 sed
1260 4099 1299 4144 ne
1315 4081 1493 4143 riderentur
1522 4081 1642 4143 slmiles
1670 4079 1841 4141 sacerdoti·

58 4169 183 4231 duobus
197 4167 346 4230 exhibere
361 4167 465 4230 debet.
972 4169 1032 4232 bus
1043 4167 1227 4246 gentilium,
1244 4165 1275 4226 in
1291 4179 1421 4242 quorum
1434 4161 1543 4223 ricinia
1572 4161 1761 4234 babitabant,
1786 4160 1839 4238 qui

99 4251 210 4313 Posset
224 4248 295 4310 addi
311 4254 397 4311 sexta
412 4249 490 4313 ratio
507 4254 655 4312 tonsurae
679 4246 900 4309 monachorum
918 4290 927 4317 ,
972 4256 1035 4312 1616
1051 4247 1152 4326 666116
1168 4262 1237 4310 reso
1252 4244 1344 4307 idolis
1360 4243 1576 4310 saerilicabant
1592 4290 1600 4318 ,
1628 4248 1662 4305 ut
1687 4259 1723 4304 er
1745 4242 1838 4319 epist.

59 4331 207 4393 nimirum
220 4336 252 4392 ot
267 4329 391 4410 signum
407 4336 492 4402 esset
517 4329 727 4410 poeniteutiae
746 4336 777 4391 et
802 4343 928 4390 eonror·
971 4329 1147 4394 Hieremiae
1163 4333 1301 4407 apparet.
1319 4325 1406 4400 Quod
1423 4340 1583 4387 essenon
1600 4328 1687 4390 esset
1701 4325 1838 4390 66166.

59 4413 171 4474 sionis:
188 4411 260 4474 Nam
277 4418 391 4474 616616
406 4411 752 4491 diximuspoeniteutes
763 4407 837 4472 olim
854 4424 931 4470 666·
974 4417 1070 4493 66161,
1083 4410 1154 4490 6616
1172 4408 1326 4480 66661161,
1340 4407 1393 4487 qui
1409 4408 1559 4470 sacerdus
1581 4410 1657 4482 erol,
1672 4406 1801 4485 jubetur
1823 4419 1841 4465 6

60 4495 121 4556 nisi
139 4495 221 4556 tonsi
235 4493 479 4571 recipiebantur.
492 4493 586 4556 Porro
601 4499 747 4556 tonsurae
763 4490 927 4554 sanutimo·
974 4489 1335 4557 11661611.11666161.5.
1353 4495 1553 4568 61616616166
1578 4487 1668 4562 Num.
1695 4487 1726 4549 6.
1750 4486 1841 4548 Nara·

60 4574 192 4638 nialiom
208 4573 360 4638 rationem
376 4575 524 4638 moralem
545 4573 647 4638 reddit
675 4573 882 4652 Hieronymus
898 4571 930 4632 16
974 4591 1067 4638 16666
1083 4573 1236 4652 66661616
1251 4570 1648 4650 166661666666616116616
1663 4584 1739 4630 sune
1752 4566 1842 4648 jube·

60 4659 154 4736 epist.
173 4656 211 4718 nd
227 4655 428 4719 Sabinianum
443 4703 451 4729 ,
480 4655 552 4734 quia
579 4655 726 4718 nimirum
757 4671 821 4716 non
847 4654 931 4715 lara·
975 4662 1024 4719 tur
1039 4655 1116 4717 radi.
1133 4655 1220 4716 Unde
1236 4654 1329 4716 Paulo
1342 4653 1417 4715 dioit
1429 4653 1673 4715 iaoobusoutor.
1687 4649 1739 4712 21.
1758 4649 1842 4710 Sunt

61 4741 136 4800 baut
158 4753 317 4816 unquam,
346 4753 405 4801 666
428 4738 586 4818 ungebant
611 4743 728 4816 eaput,
758 4742 789 4798 et
811 4735 931 4812 perieu·
974 4737 1068 4802 nobie
1082 4737 1148 4798 uiri
1161 4734 1475 4816 enervant-‚babentes
1489 4740 1715 4812 6616666661
1728 4747 1773 4802 so,
1792 4729 1842 4791 bis

62 4822 126 4883 ium
144 4825 232 4892 erat,
250 4834 290 4880 ue
313 4819 446 4898 aparris
459 4819 645 4882 animalibus
662 4865 671 4894 ,
688 4833 767 4899 quae
784 4816 865 4879 inter
879 4833 931 4880 ou·
975 4833 1050 4900 erpo
1066 4813 1652 4896 66666166666111661666611116,
1676 4811 1843 4875 61161661

65 4911 127 4964 tem
157 4901 315 4963 61611666
346 4901 514 4974 oriuntur,
543 4907 573 4964 61
598 4900 754 4964 uoueretis
782 4897 930 4961 sordibus
977 4902 1088 4980 166116
1098 4915 1172 4964 suo.
1190 4899 1295 4962 Solum
1321 4915 1395 4978 6166
1410 4903 1537 4978 proptor
1552 4896 1694 4958 11616166
1716 4893 1842 4954 idolola-

66 4983 328 5062 opprimereutur.
361 4981 552 5070 Quamquam
582 4983 686 5063 negari
717 4997 778 5044 non
805 4985 929 5059 potest,
977 4989 1089 5046 irarum
1101 4981 1347 5062 prohibebantur
1361 4980 1540 5044 sacerdotes
1562 4978 1746 5042 1616661661
1763 4973 1843 5052 radi.

65 5070 140 5146 quin
168 5063 306 5126 etiamid
324 5063 374 5127 161
400 5067 437 5127 61
454 5070 663 5142 6661666166
681 5061 787 5126 66611
804 5064 932 5125 16666·
979 5066 1063 5140 Quae
1075 5065 1152 5126 sorte
1163 5079 1273 5126 oaussa
1292 5068 1368 5128 erat.
1396 5079 1451 5124 our
1466 5061 1579 5140 061611.
1603 5056 1781 5135 Hieronymi
1812 5061 1843 5116 et

69 5145 230 5210 strandum
248 5163 257 5224 3
282 5145 386 5209 solent
401 5147 486 5210 enim
499 5145 652 5210 foeminae
664 5146 793 5225 oapillos
808 5143 931 5224 plurimi
978 5142 1459 5225 1611661116666166161611661
1476 5138 1655 5205 sacerdotes
1681 5154 1743 5200 non
1756 5135 1845 5200 rade·

75 5232 192 5291 tacere.
979 5234 1098 5303 rentur,
1112 5227 1168 5290 sed
1184 5228 1397 5290 tonderentur:
1412 5223 1484 5286 Nam
1500 5222 1601 5284 adhue
1613 5223 1753 5301 ipsorum
1770 5224 1845 5282 teru-

107 5309 689 5383 16166166166166661661166166,
706 5308 778 5370 olim
795 5313 932 5372 nontam
979 5327 1057 5390 pora
1085 5316 1173 5372 erant
1201 5310 1379 5372 sacerdotes
1410 5306 1526 5375 isidis,
1557 5303 1609 5384 qni
1639 5309 1732 5380 eaput
1760 5300 1847 5363 rade

69 5407 219 5464 rasuram,
236 5407 327 5470 quam
344 5397 501 5454 tonsuram
517 5391 660 5453 16166616
677 5389 934 5454 usuiondeban·
981 5393 1079 5466 bant,
1109 5400 1143 5453 ut
1171 5389 1353 5454 Ambrosius
1383 5387 1476 5469 epist.
1503 5386 1554 5449 36.
1582 5391 1612 5448 61
1639 5385 1846 5463 Hieronymus

69 5481 118 5536 tur
132 5475 216 5537 enim
236 5474 374 5537 demisse
395 5473 533 5552 quidem,
551 5474 606 5534 sad
630 5472 667 5532 ita
693 5479 811 5546 tamen,
836 5479 934 5536 utcu·
981 5475 1098 5554 16666.
1125 5471 1367 5535 11116661ιί616
1392 5476 1553 5532 testantur.
1578 5469 1779 5546 Posteaquam
1794 5481 1846 5524 au·

71 5558 109 5618 tis
125 5562 204 5618 teuta
229 5560 379 5618 maneret.
395 5555 429 5618 ld
445 5560 572 5634 apparet
587 5570 624 5618 ex
640 5553 798 5616 Clemente
814 5555 934 5616 alexan·
983 5562 1043 5618 tem
1058 5557 1110 5617 iliu
1124 5571 1233 5617 oaussu
1259 5555 1391 5616 66666111
1408 5599 1416 5624 ,
1445 5553 1522 5614 nibil
1553 5550 1679 5613 absurdi
1706 5547 1842 5620 laniunt,

73 5638 231 5701 11166111).
248 5637 279 5700 3.
298 5637 427 5718 1661166.
446 5655 515 5715 666.
533 5637 581 5698 ll.
611 5637 674 5697 Sed
702 5635 781 5713 pili,
811 5637 908 5714 intprit
926 5685 932 5710 ,
983 5637 1034 5715 661
1051 5637 1088 5702 61
1105 5635 1350 5716 6116611666166
1363 5633 1601 5712 6166111666166
1618 5635 1709 5709 66661
1722 5627 1847 5691 rodunt.
