4110 6310
792 423 890 482 utuutt
912 419 1083 482 SECUNDUS
1705 427 1759 484 lib

84 572 136 617 mo
152 554 326 635 intelligens
341 561 372 618 et
385 556 503 633 rolens,
520 561 603 620 recle
628 557 740 620 dicitur
754 563 784 618 et
799 564 846 620 cst
861 559 934 620 ima·
980 549 1130 627 ridentur,
1141 561 1171 618 et
1182 557 1277 634 magis
1288 557 1447 621 oll'cndunt
1458 557 1647 622 detornttntc
1659 575 1725 632 sua,
1739 571 1829 644 qrtem

83 657 122 715 go
138 637 204 716 llei3
222 653 291 699 nam
320 637 432 702 (lenes.
451 642 479 703 l.
496 657 556 702 non
573 641 613 701 ait
639 642 729 702 licus:
760 641 933 704 Faciamus
976 638 1086 717 jurent
1101 639 1405 703 similitudinellnde
1419 642 1511 704 etiam
1526 643 1653 703 ministri
1671 641 1831 724 hungarici

81 721 240 794 enimam,
257 721 324 792 sed,
340 724 501 799 thcicmns
513 724 675 786 bominem
689 724 735 784 od
754 725 935 801 uoraginem
980 724 1009 781 ln
1026 735 1082 782 suo
1098 737 1192 799 opere
1208 730 1310 784 contra
1326 724 1502 786 Trinitatem
1513 725 1568 788 lib.
1586 726 1614 786 l.
1634 741 1702 804 cap.
1719 725 1750 787 i.
1767 727 1832 788 col·
1857 739 1858 742 ’

81 803 151 877 lici·
167 812 280 865 et'aum
297 805 459 884 imperator
474 807 596 884 quidam
612 807 742 868 saeviret
766 807 795 866 in
814 820 867 867 ecs
882 806 935 884 qai
957 820 961 826 ·
978 803 1121 880 legerunt
1134 805 1244 866 mullas
1255 805 1366 868 lormns
1378 807 1544 887 imaginum
1557 809 1722 879 trinitatis,
1738 813 1767 872 el
1780 825 1832 871 ens

8 935 10 941 .
82 885 296 965 confregerant
320 889 482 966 imaginem
511 889 614 951 uxoris
643 904 728 962 suae,
757 889 833 949 dixit
848 889 889 950 illi
906 905 933 951 s.
979 891 1132 962 tamquam
1143 895 1275 953 menstra
1285 890 1434 968 quaedam
1447 897 1587 952 accurate
1600 891 1719 970 depicta
1733 891 1835 953 riden-

83 968 279 1031 llacedonius
294 971 304 1050 (
318 975 351 1030 ut
364 971 573 1034 Theodoretus
589 971 681 1032 reicrt
696 971 727 1031 in
749 970 873 1032 historin
890 989 935 1033 re·
982 968 1018 1028 da
1037 975 1221 1046 proponant,
1238 985 1351 1050 easque
1363 979 1472 1032 rocant
1484 971 1640 1044 cerberos,
1667 967 1833 1052 gerpertus,
1884 1032 1903 1052 Ν,

81 1050 202 1129 ligtosn.
220 1069 288 1130 cap.
303 1052 355 1113 tu.
369 1055 380 1131 )
396 1069 466 1114 cum
482 1055 559 1114 mule
574 1067 677 1131 agere,
694 1056 774 1130 qaod
791 1069 845 1131 pro
861 1055 934 1116 ima·
975 1048 1067 1128 janos
1081 1052 1245 1128 torrentes,
1260 1059 1393 1115 monstra
1406 1062 1436 1115 et
1451 1055 1544 1130 idola,—
1558 1055 1670 1134 quibus
1682 1050 1829 1130 certene
1874 1103 1887 1128 „

79 1132 205 1210 ginibus
221 1151 296 1202 suis.
312 1133 367 1197 Dei
383 1137 501 1200 occidat
517 1137 676 1214 imagines.
708 1136 744 1195 tlt
760 1142 859 1197 tamen
877 1136 931 1197 irn-
980 1132 1134 1194 casionem
1151 1135 1383 1213 blasphemandi
1400 1137 1525 1215 pictoris
1541 1139 1635 1198 nestri
1649 1138 1835 1224 decernetis&

5 1265 7 1280 .
79 1223 202 1292 perator
218 1233 278 1280 non
293 1219 421 1290 animus,
438 1219 493 1284 scd
508 1218 865 1280 hominesoccidebat.Si
883 1237 935 1280 nu-
1022 1215 1179 1294 Praeterea
1198 1218 1362 1279 notandum
1380 1225 1436 1289 est,
1454 1235 1555 1281 errare
1569 1201 1834 1282 Bartholbmccnnt

5 1295 6 1304 ’
81 1307 141 1359 tem
157 1299 225 1378 ipse
251 1305 330 1364 totns
357 1300 449 1362 ltomo
464 1301 624 1380 estimago
648 1300 714 1372 Del,
732 1306 762 1362 cl
790 1303 934 1363 totcslm·
979 1295 1830 1377 Carnncnm‚dniinsumriiaconciliorumdicitcnnbi.
1941 1315 1944 1324 ’

5 1423 8 1458 2
81 1398 131 1441 rna
148 1397 217 1442 rere
233 1382 377 1459 pingitur:
404 1397 477 1463 ergo
492 1385 592 1463 imago
621 1383 674 1444 bct
691 1398 761 1445 rere
786 1384 931 1462 pingitur.
980 1390 1082 1442 sextae
1098 1385 1218 1460 synodi,
1236 1384 1394 1459 prohiberi
1410 1385 1573 1462 itnnginem
1590 1383 1748 1446 christiin
1774 1385 1832 1448 lor-

5 1459 7 1474 '
77 1463 156 1524 lllud
174 1471 273 1524 tumen
289 1471 393 1526 terum
408 1468 550 1544 estquod
567 1467 647 1527 sieut
660 1466 751 1526 tromo
768 1473 815 1526 cst
830 1467 933 1546 imago
980 1463 1126 1541 maagal,
1143 1471 1174 1526 ct
1189 1464 1321 1543 Spiritus
1336 1467 1433 1527 sancti
1450 1469 1480 1528 in
1497 1467 1592 1528 lorcin
1607 1467 1779 1530 columbae.
1797 1468 1833 1529 et

76 1546 130 1606 liei
147 1546 233 1607 rnldc
249 1547 437 1623 imperfecta,
454 1550 583 1611 obscura
600 1553 630 1609 et
645 1547 820 1609 dissimilis:
838 1551 874 1609 itn
890 1557 933 1610 ct·
980 1547 1146 1608 concilium
1162 1564 1221 1608 nan
1239 1549 1381 1625 prohibet
1396 1551 1468 1611 istus
1490 1551 1650 1628 imagines,
1678 1551 1733 1611 sed
1750 1555 1833 1612 ante·

77 1631 137 1688 iarn
167 1629 258 1690 bomo
273 1631 373 1707 pictus
388 1637 436 1692 est
449 1630 549 1711 imago
566 1632 619 1694 lici
635 1632 722 1692 ratde
742 1631 934 1710 imperfecta,
980 1629 1066 1704 pontt
1082 1637 1195 1691 tnrrtum
1211 1631 1276 1692 istis
1289 1630 1438 1710 imagines
1452 1630 1561 1695 Christi
1577 1633 1606 1693 in
1620 1632 1715 1694 lorma
1727 1631 1833 1693 huma-

78 1712 209 1772 obscura
223 1717 253 1772 et
267 1713 437 1776 dissimilis.
602 1761 608 1786 ,
980 1723 1030 1771 na.
1048 1711 1131 1774 Unde
1147 1713 1177 1774 in
1194 1711 1258 1774 ltt.
1274 1715 1404 1792 synodo,
1422 1721 1479 1776 net.
1503 1715 1533 1775 2.
1560 1715 1674 1794 legitur
1699 1715 1832 1794 epistola

118 1793 228 1854 Ultimo
243 1796 388 1871 probatur
402 1812 440 1859 ex
454 1813 512 1858 usu
524 1795 695 1859 Ecclesiae.
711 1793 775 1857 lum
792 1797 873 1857 enim
887 1813 932 1856 re·
978 1792 1099 1855 tdrtnnt
1128 1798 1165 1857 nd
1181 1795 1370 1870 Therasiam,
1389 1798 1495 1877 inqua
1518 1797 1635 1858 laudata
1662 1796 1773 1858 dieitur
1799 1797 1830 1858 in

5 1933 8 1958 ‚
74 1877 347 1954 ceptnesuotlere
363 1879 477 1957 ubique
494 1881 646 1959 ejusmodi
663 1880 932 1957 imagines3neque
981 1875 1029 1935 vt.
1060 1879 1177 1955 synodo
1207 1877 1305 1950 imago
1333 1877 1443 1941 dlrristi
1475 1881 1504 1942 io
1521 1880 1614 1941 torma
1641 1879 1722 1956 agni.
1746 1879 1833 1940 ldem

5 1961 8 1974 “
79 1958 228 2021 credibile
243 1965 291 2022 est
304 1959 475 2024 Ecclesium
500 1964 694 2026 toleraturum
722 1961 936 2023 universaliter
979 1956 1054 2019 dicit
1082 1959 1187 2022 Helias
1203 1961 1233 2021 in
1260 1959 1325 2023 Vll.
1343 1962 1484 2038 synodo,
1500 1963 1612 2023 action.
1628 1961 1647 2022 l
1663 1963 1744 2023 idern
1761 1961 1851 2040 Epi-⁴

80 2041 196 2120 aliquid
213 2043 363 2106 illicitum.
379 2044 466 2106 udde
480 2047 561 2124 quod
574 2045 738 2107 concilium
750 2044 816 2106 vit.
828 2050 887 2107 acl.
901 2044 932 2106 5.
980 2041 1110 2114 phanias
1141 2045 1170 2103 in
1188 2042 1253 2105 Vll.
1283 2045 1400 2123 synodo
1417 2089 1424 2113 ,
1453 2050 1511 2105 acl.
1528 2043 1558 2104 tt.
1575 2050 1605 2106 et
1628 2051 1785 2122 praeterea
1803 2045 1834 2106 in

77 2124 227 2202 approbat
241 2128 403 2202 imaginem
416 2129 545 2205 spirtius
558 2128 653 2188 suncti
668 2127 697 2189 in
715 2125 807 2188 lernen
819 2129 934 2188 cotum·
979 2121 1042 2185 llll.
1053 2125 1249 2203 synoduact.
1261 2125 1290 2187 5.
1301 2126 1486 2205 approbator
1507 2127 1608 2207 image
1625 2126 1755 2206 spiritns
1768 2143 1837 2190 san-

5 2267 6 2272 ,
77 2207 148 2279 bae,
165 2214 195 2267 et
210 2208 375 2285 concilium
390 2211 503 2272 trident
516 2227 596 2271 sess.
612 2209 663 2271 25.
680 2210 810 2272 admittit
829 2211 933 2290 imagi·
979 2205 1017 2266 eti
1034 2207 1064 2267 in
1080 2207 1172 2268 lcrmn
1187 2209 1360 2271 columbae.

78 2305 136 2351 uas
151 2289 206 2350 liei
222 2292 385 2370 praecipue
399 2292 430 2355 in
443 2293 570 2372 picturis
583 2293 789 2355 historiarum.
1022 2290 1179 2351 Praeterea
1196 2291 1271 2352 ratio
1286 2291 1509 2354 Bartholomaei
1522 2297 1624 2352 contra
1638 2290 1739 2369 ipsum
1752 2291 1836 2353 ride·

5 2441 6 2446 ἵ
120 2371 176 2432 Pro
191 2373 343 2436 solutione
368 2381 614 2454 argumentorum
644 2374 867 2436 observandum
888 2379 935 2436 cst
978 2381 1026 2437 tur
1038 2372 1238 2450 concludere;
1252 2375 1318 2451 ipse
1331 2374 1413 2435 enim
1425 2375 1499 2435 dicit
1512 2373 1680 2452 prohibitas
1693 2389 1762 2436 esse
1777 2375 1832 2438 hes

5 2453 7 2528 ζ
78 2453 176 2516 tribus
192 2456 291 2518 modis
315 2472 408 2535 posse
434 2459 547 2532 alicuid
579 2459 674 2537 pingi.
702 2457 765 2518 lino
788 2458 931 2518 modoad
981 2456 1142 2534 imagines,
1166 2455 1235 2533 quia
1252 2462 1414 2533 praesente
1430 2457 1554 2518 raritate
1569 2471 1692 2518 cessare
1717 2457 1832 2518 debent

5 2529 7 2614 ξ
75 2539 307 2616 exprimendam
324 2540 485 2616 perlectam
502 2541 732 2602 similitudinem
759 2541 874 2600 formae
904 2546 934 2603 et
978 2538 1146 2620 ssgoracdt
1160 2538 1235 2599 istae
1251 2540 1400 2618 imagines
1411 2554 1471 2600 nen
1483 2539 1604 2601 luerunt
1618 2540 1649 2599 in
1665 2555 1723 2600 usu
1736 2539 1833 2602 inle-

5 2615 7 2642 '
75 2627 202 2682 nutrrrue
217 2622 260 2682 rei
275 2623 385 2700 ipsius,
402 2630 433 2685 ct
447 2624 506 2685 hoc
521 2625 613 2684 ruodo
631 2639 680 2684 res
696 2638 861 2700 corporeae
884 2638 936 2685 so·
976 2627 1127 2685 stnrnento
1148 2620 1251 2692 reteri,
1270 2623 1578 2701 sedecepernntpost
1596 2619 1705 2690 Christi
1718 2622 1831 2684 adren-

74 2703 140 2762 tum
156 2702 415 2784 pinguntur,quae
430 2707 622 2768 lineamentis
638 2712 668 2767 et
679 2705 931 2782 coloribusprae·
978 2711 1054 2768 tum.
1071 2703 1174 2781 lmngo
1190 2703 1272 2765 enim
1288 2704 1359 2782 agni
1372 2705 1502 2782 sumpsit
1514 2703 1709 2766 occasionem
1722 2721 1758 2766 ex
1770 2705 1832 2766 illis

5 2851 8 2866 ,
74 2783 437 2868 ditnesunt.lltsiquis
462 2789 655 2850 haereticae
682 2789 779 2851 ileum
805 2789 932 2868 pingere
978 2785 1233 2850 rerbtstonnnts:
1249 2787 1451 2864 Bessapara
1466 2788 1534 2866 llei3
1550 2786 1654 2865 Imago
1670 2791 1841 2851 rutenico.

5 2873 7 2888 ¹
75 2872 219 2942 tentaret,
236 2868 262 2929 is
273 2885 377 2932 rerum
394 2871 508 2933 idolum
524 2871 735 2933 constitueret.
978 2871 1101 2933 lamhee
1117 2885 1153 2930 er
1170 2868 1220 2929 illa
1233 2867 1387 2943 columba,
1402 2885 1481 2949 quac
1493 2869 1632 2949 apparuit
1644 2885 1738 2948 super
1751 2869 1837 2932 Chri·

118 2950 324 3013 lltcrcmcdo
338 2953 375 3014 ad
392 2953 549 3015 historiam
572 2955 703 3031 aliquam
727 2951 826 3015 oculis
848 2953 932 3015 exhi·
979 2961 1071 3024 stum,
1090 2951 1191 3012 lintth.
1210 2951 1240 3013 3.
1268 2951 1469 3016 Occasionem
1486 2953 1605 3014 errandi
1629 2953 1748 3013 ridetur
1773 2953 1832 3013 iste

75 3030 223 3105 bendnm3
236 3036 389 3110 quomode
404 3036 429 3097 si
446 3037 515 3116 quis
530 3038 657 3113 pingere
672 3036 763 3097 vellet
779 3036 932 3114 expulsio·
979 3043 1084 3098 auctor
1100 3033 1259 3110 accepisse
1275 3051 1311 3098 ex
1326 3036 1394 3114 ipso
1410 3036 1539 3103 canone,
1556 3035 1607 3111 qui
1624 3050 1685 3096 non
1710 3034 1830 3113 integre

76 3131 147 3174 nem
163 3114 266 3176 Adurni
283 3116 320 3177 de
337 3118 487 3195 paradiso,
505 3119 632 3198 pingere
645 3117 772 3180 deberet
786 3119 882 3180 Deum
902 3120 932 3180 in
977 3119 1107 3181 habetur
1121 3119 1151 3178 in
1168 3119 1216 3178 illu
1233 3119 1364 3198 synodo,
1381 3119 1434 3178 scd
1462 3117 1664 3196 corrigendus
1680 3121 1727 3178 est
1750 3131 1836 3178 error

77 3199 173 3258 torma
186 3197 319 3261 hominis
333 3201 550 3274 ambulantem,
574 3207 604 3262 et
619 3201 774 3273 ldnmam,
792 3207 883 3278 atque
896 3202 931 3262 ll·
978 3218 1015 3265 ex
1030 3201 1094 3262 Vll.
1111 3200 1238 3274 synodo,
1253 3199 1305 3262 ubi
1317 3200 1443 3278 saepius
1455 3199 1512 3262 iste
1525 3200 1592 3282 ipse
1605 3213 1703 3285 canon
1716 3199 1836 3278 integer

74 3297 142 3340 rant
159 3280 258 3342 nudos
273 3282 351 3344 inter
366 3285 492 3346 arbores
506 3301 540 3346 se
555 3284 795 3352 occultantesnc
807 3284 932 3346 demum
979 3284 1150 3346 adducitur.

75 3364 220 3440 angelum
235 3363 267 3425 in
282 3366 376 3426 lormn
393 3359 523 3428 hnmana
543 3368 677 3444 gladium
703 3373 885 3443 gestantem,
903 3373 932 3428 et
1019 3367 1062 3428 lix
1078 3367 1126 3426 his
1141 3365 1178 3427 ad
1195 3369 1372 3446 argumenta
1388 3363 1630 3425 adversariorum
1646 3360 1734 3424 facile
1752 3370 1837 3440 potc-

76 3445 224 3506 Adamum
240 3463 309 3508 cum
325 3449 456 3529 conjuge
472 3450 687 3527 expellentem.
702 3449 758 3522 Qui
774 3456 876 3511 autem
892 3451 931 3513 itu
978 3449 1017 3512 rit
1032 3449 1224 3527 responderi.
1241 3448 1284 3509 hd
1301 3448 1432 3526 primum
1450 3452 1552 3524 posset
1568 3461 1628 3506 rino
1644 3445 1738 3508 verbo
1762 3447 1835 3518 dici,

77 3529 294 3607 pingcrctnon
310 3531 401 3594 vellet
415 3538 497 3594 certe
512 3539 740 3610 repraesentare
753 3531 808 3594 Dei
821 3533 866 3592 rel
879 3549 932 3594 an·
979 3532 1010 3592 in
1027 3531 1171 3593 omnibus
1188 3529 1353 3608 seripturis
1369 3530 1468 3591 citatis
1481 3529 1639 3607 'prohiberi
1666 3528 1834 3606 imaginem

5 3601 8 3642 l
74 3612 137 3686 geli
154 3615 361 3690 naturam.sed
373 3615 472 3676 solum
488 3614 633 3676 exhibere
648 3615 747 3676 oeulis
762 3629 820 3693 per
833 3615 930 3693 pictu-
976 3613 1031 3677 Ilei
1049 3615 1138 3692 primi
1153 3615 1289 3692 generis.
1307 3613 1451 3672 Existimo
1468 3619 1568 3673 tamen
1583 3609 1677 3671 Exodi
1695 3609 1745 3671 20.
1762 3626 1833 3670 cum

5 3767 7 3776 ‚
76 3709 152 3771 ram,
170 3695 198 3754 td
225 3696 307 3774 qnod
333 3698 457 3759 auribus
483 3699 642 3759 extribcrct
666 3697 744 3758 ulios
773 3699 931 3760 recitando
978 3697 1099 3759 dicitur:
1117 3693 1833 3772 licesmarceantDeoscrpentcosnonsacic·

5 3777 8 3808 r
77 3775 276 3854 Scriptorum,
294 3785 324 3840 et
339 3781 397 3842 boc
410 3779 501 3841 modo
518 3785 616 3857 potest
630 3778 712 3842 Deus
724 3779 821 3860 pingi.
978 3780 1017 3843 tis
1031 3794 1170 3842 mecum.
1190 3777 1223 3837 Et
1251 3777 1391 3838 similiter
1405 3775 1501 3838 lsniuc
1517 3774 1724 3841 ductisunt
1749 3773 1833 3837 Deus

118 3859 230 3931 Tertio,
247 3867 347 3938 potest
361 3862 475 3940 aliquid
499 3863 585 3942 pingi
610 3867 691 3924 extra
721 3863 879 3924 historiam
894 3863 932 3924 ad
979 3861 1178 3940 conqueritur
1193 3859 1312 3922 dicens:
1332 3859 1390 3922 Cui
1404 3860 1607 3922 assimilastis
1621 3861 1699 3922 mc?
1713 3857 1750 3918 ad
1765 3857 1832 3918 lite·

5 3937 8 3974 ⁵
78 3941 288 4019 explicandam
311 3950 448 4007 naturam
475 3948 519 4012 rei
535 3959 596 4006 non
613 3960 668 4022 per
688 3945 891 4007 immediatam
905 3953 935 4007 el
978 3961 1041 4006 rain
1059 3962 1118 4007 non
1136 3944 1184 4022 agi
1201 3942 1239 4003 de
1255 3943 1386 4022 imagine
1398 3942 1475 4004 laeta
1488 3944 1523 4003 ud
1538 3941 1831 4020 repraesentandum

79 4024 232 4100 preprium
251 4027 495 4098 similitudinem,
523 4028 578 4088 sed
595 4043 651 4105 per
671 4027 855 4107 analogiam.
869 4030 934 4090 sire
978 4027 1074 4088 licum
1091 4043 1208 4096 rerum,
1226 4041 1283 4087 nee
1308 4026 1389 4086 enim
1418 4025 1523 4086 talesa
1550 4023 1675 4085 ludaeis
1701 4021 1827 4096 liebunl,

79 4107 935 4190 fflelsst¹¹0ti⁰tsmysticnscucsignificationescncnnd-
979 4111 1035 4174 sed
1051 4112 1089 4172 dc
1101 4111 1349 4188 qrrtbescnmqne
1361 4107 1544 4182 simulacris,
1557 4121 1637 4186 quac
1650 4105 1834 4168 haberentur

79 4191 203 4250 rirodum
218 4192 373 4272 pingimus
388 4195 528 4272 angelos,
541 4192 684 4272 juvenes,
701 4193 809 4264 alatos,
826 4193 936 4255 lormo·
980 4210 1034 4273 pro
1049 4193 1125 4256 Diis.
1142 4193 1213 4254 ttutt
1227 4191 1308 4254 enirn
1326 4192 1407 4252 beas
1422 4191 1537 4258 dicere,
1554 4191 1579 4260 si
1596 4189 1695 4282 robis·
1709 4186 1831 4248 simula·

78 4287 143 4342 sos,
157 4275 247 4336 nudis
263 4275 394 4354 pedibus
409 4282 457 4337 etc
485 4277 521 4338 ad
536 4275 773 4352 signilleandcm
784 4291 843 4338 eas
855 4291 934 4337 sem·
979 4293 1063 4339 crum
1079 4277 1216 4355 ligneum
1233 4279 1280 4335 est
1294 4273 1388 4342 Deus,
1406 4288 1476 4334 cum
1492 4287 1550 4350 ego
1565 4269 1655 4332 etiam
1670 4285 1728 4331 sim
1750 4269 1833 4330 Deus

80 4371 135 4430 pcr
150 4355 265 4420 ririhus
282 4354 410 4432 pollere,
431 4359 592 4420 celerrime
616 4359 741 4429 mereri,
768 4359 933 4436 splendore
979 4360 1129 4438 sequitur,
1147 4373 1196 4422 me
1211 4356 1344 4418 similem
1359 4371 1430 4417 csse
1445 4354 1507 4416 lieo
1533 4353 1636 4432 ligneo
1662 4352 1834 4447 secundum

5 4489 6 4494 ,
78 4438 192 4511 gratiae
207 4445 237 4500 et
251 4439 393 4502 virtutum
404 4441 557 4518 praeditas
585 4447 644 4503 cle.
668 4457 746 4520 qaae
772 4442 839 4502 ride
854 4443 936 4519 apud
978 4459 1044 4519 ros;
1063 4458 1131 4503 nam
1147 4441 1229 4502 Deus
1244 4439 1308 4502 llco
1323 4455 1384 4501 non
1402 4444 1507 4516 posset
1522 4452 1583 4498 nan
1599 4451 1669 4497 esse
1697 4433 1833 4496 srmrirsl

79 4519 269 4599 llionpsium,
286 4539 354 4603 cap.
370 4524 469 4585 ultim.
485 4525 630 4585 coelestis
646 4523 797 4586 hierarch.
824 4523 888 4586 ttoc
904 4541 935 4586 e·
1018 4525 1061 4586 td
1077 4523 1250 4586 secundum
1265 4521 1346 4590 dica,
1363 4521 1389 4584 si
1406 4521 1569 4583 concilium
1597 4518 1671 4580 illud
1697 4517 1833 4594 loquitur

80 4603 149 4661 tiam
166 4606 257 4666 modo
272 4607 438 4684 pinguntur
453 4608 589 4667 virtutes:
607 4606 643 4666 itt
657 4608 724 4685 ipse
740 4607 842 4681 homo,
862 4607 936 4668 ima·
979 4607 1017 4669 de
1032 4607 1166 4684 imagine
1182 4605 1280 4668 solius
1294 4603 1350 4667 lici
1376 4604 1429 4684 (ut
1442 4605 1506 4664 rrrlt
1531 4599 1691 4680 Calvinus)
1717 4599 1832 4659 nullam

5 4683 9 4726 ²
78 4702 117 4762 go
132 4685 198 4760 Dei,
215 4693 263 4748 est
278 4690 370 4769 hujus
385 4689 508 4766 generis
524 4687 614 4750 tertii.
633 4688 696 4750 Non
713 4689 795 4750 enim
819 4696 866 4751 cst
889 4692 933 4752 ln·
979 4705 1049 4752 esse
1064 4689 1285 4765 difficultutcm3
1301 4705 1370 4749 nnm
1386 4687 1594 4763 intelligemus
1608 4684 1773 4746 concilium
1796 4682 1835 4744 de

79 4777 125 4826 ter
139 4768 294 4832 hominem
307 4778 337 4833 et
350 4770 448 4833 Deum
463 4771 520 4832 ulia
536 4771 715 4844 similitudo,
729 4787 820 4848 quam
833 4774 935 4835 arrato·
979 4773 1111 4852 imagine
1120 4771 1175 4835 Dei
1184 4768 1456 4851 primigenarum
1466 4771 1506 4830 sit
1517 4769 1657 4846 loquatur
1669 4765 1835 4827 concilium

5 4857 10 4890 t
78 4853 157 4926 gres.
174 4851 239 4914 llec
251 4855 340 4915 modo
353 4855 508 4934 pingimus
523 4854 619 4916 Deum
634 4853 764 4927 Patrem,
781 4871 852 4917 cum
865 4872 934 4918 cum
978 4856 1018 4918 de
1033 4855 1176 4917 omnibus
1191 4853 1387 4934 tmagtnthns3
1405 4855 1494 4914 etiam
1509 4857 1696 4924 sanctorum,
1714 4854 1761 4910 est
1773 4863 1836 4908 ma-

7 4946 9 4954 ’
78 4939 160 4992 cxtra
173 4933 332 4999 historiam
348 4936 503 5016 pingimus
516 4938 646 5000 humanu
662 4937 770 5000 torma.
977 4938 1028 5020 jor
1044 4937 1216 5014 difficultas,
1235 4938 1273 4998 de
1289 4951 1347 5014 qua
1365 4934 1452 4997 inira.
1658 5015 1661 5024 .

117 5015 182 5078 lloc
194 5019 283 5082 modo
298 5020 455 5100 pingimus
477 5019 631 5084 christum
645 5019 677 5082 in
692 5019 787 5083 torma
810 5019 886 5098 oris,
904 5028 935 5086 et
1021 5023 1065 5085 hd
1081 5023 1215 5090 tertium,
1231 5017 1382 5082 llosebias
1411 5024 1447 5078 et·
1466 5013 1640 5076 Lactantius
1666 5013 1835 5091 loquuntur

77 5099 280 5176 evangelistas
295 5107 562 5182 repraesentamus
577 5103 786 5181 peraquilanr,
798 5104 933 5180 leonem,
980 5104 1019 5166 de
1033 5104 1124 5166 idolis
1140 5104 1289 5182 gentium.
1307 5101 1420 5163 Volunt
1442 5099 1525 5162 enim
1550 5097 1727 5190 ostendere,
1754 5094 1834 5190 ileos

8 5183 11 5224 ³
77 5180 186 5242 bovem
215 5190 246 5245 et
260 5187 428 5258 hominem,
442 5193 473 5247 et
488 5185 631 5264 Spiritum
646 5195 784 5248 sanctum
797 5187 828 5248 in
841 5188 934 5248 torma
978 5187 1139 5263 gentilium
1156 5186 1251 5249 inisse
1267 5185 1422 5254 homines,
1440 5187 1470 5243 et
1486 5179 1628 5258 probant,
1645 5195 1713 5256 quta
1730 5193 1834 5238 omnia

78 5265 248 5341 columbae,
266 5275 317 5331 aut
331 5269 502 5348 linguarum
518 5269 609 5346 ignis.
626 5267 683 5330 Ubi
702 5274 805 5331 lernen
829 5279 934 5331 notun·
980 5269 1062 5332 idola
1076 5269 1213 5348 gentium
1229 5273 1301 5330 sunt
1314 5272 1431 5328 statuae
1447 5264 1618 5330 hominnm,
1636 5275 1765 5339 quorum
1794 5265 1837 5319 et·

7 5357 12 5392 t
78 5347 161 5420 dum,
179 5363 239 5411 nou
255 5350 371 5413 debere
386 5349 536 5430 ejusmodi
554 5350 703 5430 imagines
726 5349 936 5430 multiplicari,
980 5353 1040 5414 iam
1056 5353 1222 5429 sepulchra
1239 5350 1450 5412 ostenduntur.
1465 5345 1654 5440 Augustinus
1680 5341 1791 5438 delllde
1806 5349 1838 5402 ct

77 5443 136 5488 nee
147 5432 349 5508 tolerandum,
362 5434 543 5511 esset‚qnod
555 5435 690 5511 pictores
705 5437 818 5497 audent
831 5451 869 5497 ex
882 5451 930 5496 cn·
979 5429 1518 5514 symbolo,loqoiturdeimagineDer
1528 5425 1838 5506 primigenertsllar·

78 5510 141 5587 pite
162 5530 220 5577 suo
240 5515 417 5598 confingere
438 5515 589 5595 imagines
610 5516 777 5579 Trinitatist
801 5523 834 5580 ut
860 5533 929 5579 cum
976 5534 1009 5580 ro
1022 5517 1102 5596 upud
1117 5517 1320 5594 Augusticnrn
1337 5522 1418 5576 recte
1430 5513 1516 5584 dicit,
1531 5509 1652 5588 eesqni
1668 5509 1835 5572 simulacro

76 5594 210 5674 pingunt
222 5614 316 5662 unum
333 5600 490 5662 hominem
505 5615 574 5660 cum
591 5599 688 5662 tribas
709 5599 859 5672 faciebus,
882 5602 929 5662 rel
976 5599 1313 5670 Deoruminduxcront,
1328 5602 1440 5660 metum
1454 5596 1643 5672 dempsisse.
1657 5599 1686 5654 ct
1698 5605 1833 5684 errorem

78 5693 172 5740 anum
189 5683 342 5745 hominem
359 5697 428 5744 eum
445 5683 566 5744 dnobus
582 5683 744 5758 capitibus,
763 5691 793 5746 et
821 5685 851 5745 in
868 5701 929 5746 me·
977 5683 1113 5760 auxisse3
1129 5680 1338 5760 parmenidem
1355 5686 1514 5757 propterea
1541 5677 1738 5769 crediderunt
1764 5687 1834 5766 ipsu·

82 5761 133 5824 dio
149 5780 255 5827 cerum
270 5765 454 5844 columbam3
472 5767 526 5828 ista
539 5766 620 5828 enim
633 5773 767 5831 monstra
781 5771 929 5848 quaedum
956 5823 958 5828 .
977 5766 1140 5830 simniaern
1152 5763 1609 5839 esscueesctrtdentesesnec
1622 5759 1762 5834 atnsmec
1774 5755 1838 5818 srbt
