4082 6300
558 695 1217 941 adduntque
1324 697 1400 942 ¹,

482 1067 484 1074 ’
599 1159 624 1186 ,Ι
765 1043 1097 1158 nuumaos'nnns

96 1669 104 1684 .
254 1404 395 1577 nd
459 1379 941 1580 nundum
1004 1398 1603 1581 ueddnsntn

852 2139 1029 2156 nunu—aun·-

84 2893 229 2962 Eoelesia
244 2895 393 2962 eotbolioa
408 2941 416 2974 ,
432 2897 549 2979 optime
562 2898 681 2976 laetor,
703 2898 757 2963 nni
773 2899 916 2978 triduoque
961 2895 1000 2960 tis
1014 2899 1146 2974 eastris,
1163 2897 1220 2963 sed
1235 2895 1349 2978 opninl
1376 2895 1515 2976 quisque
1531 2909 1600 2958 suo.
1618 2893 1777 2977 Siquidem
1794 2897 1825 2958 ln

41 3010 113 3078 lieo
128 3013 278 3089 militans,
293 3019 407 3094 atque,
422 3017 457 3077 ut
471 3010 644 3095 Scripturas
660 3014 839 3096 loquuntur,
855 3019 915 3076 ter·
959 3021 1081 3093 partem
1093 3013 1333 3088 sollicitudinis,
1350 3019 1383 3076 ot
1397 3012 1494 3076 nostri
1519 3013 1709 3092 loquuntur,
1725 3005 1826 3077 toeail

39 3133 160 3210 sibilis,
177 3133 262 3196 reiut
275 3131 446 3212 oas‘trqrum
466 3133 550 3196 acies
566 3133 726 3209 ordinata,
743 3133 842 3196 tribus
858 3149 910 3222 po·
957 3135 1040 3206 sunt,
1058 3131 1119 3194 non
1140 3132 1172 3194 in
1188 3129 1412 3212 plenitudinem
1428 3130 1600 3210 potestatis.
1617 3115 1681 3194 sub
1694 3131 1744 3193 liis
1756 3147 1825 3214 pre·

40 3249 203 3312 tissimum
219 3248 380 3312 ordinibus
400 3247 530 3310 militum
545 3294 554 3324 ,
571 3245 690 3312 cbristo
702 3233 828 3311 uectore
842 3296 850 3326 ,
866 3248 911 3309 dt·
958 3247 1087 3328 sbyterl,
1103 3265 1182 3329 quos
1197 3247 1349 3329 paroobos
1364 3245 1603 3327 didimusqnasi
1616 3246 1740 3328 quidem
1753 3261 1826 3310 een·

40 3365 224 3447 stinguitur.
240 3365 300 3428 Alii
326 3364 480 3446 siquidem
506 3365 536 3427 in
562 3362 623 3428 boo
647 3365 751 3429 alirino
776 3365 913 3440 exerolto
958 3363 1099 3428 turinnes
1122 3366 1255 3446 singulis
1280 3363 1460 3428 cohortibus
1485 3368 1657 3443 praesunl3
1679 3364 1826 3440 diaeum,

41 3481 166 3557 elerici,
184 3481 234 3544 alii
251 3481 325 3552 latei,
336 3481 491 3544 dieantur.
509 3479 638 3555 Quidam
653 3482 745 3544 etiem
760 3487 913 3557 santium
958 3481 1153 3555 subdianoni,
1169 3481 1314 3557 lectores,
1331 3487 1423 3560 atqua
1438 3479 1609 3542 administri
1623 3479 1740 3544 eaeteri
1754 3526 1763 3555 ,
1779 3479 1828 3559 nei

45 3614 85 3660 ex
101 3597 253 3671 clericis,
271 3605 333 3658 tom
349 3595 510 3671 orieldis,
527 3596 579 3675 qui
593 3598 689 3659 eortis
713 3597 863 3678 symbolis
878 3575 915 3662 ae
959 3597 1048 3679 signa
1064 3601 1155 3677 atque
1170 3595 1288 3677 equilus
1302 3601 1424 3677 gerunt,
1441 3597 1490 3659 rel
1507 3595 1602 3672 tobis,
1619 3613 1655 3659 ao
1670 3597 1826 3678 tympanis

42 3717 207 3778 iunctione
232 3713 272 3776 ab
287 3713 426 3792 utrisque
451 3712 584 3775 distincti
599 3760 608 3787 ,
635 3713 757 3777 tertium
773 3713 914 3778 ordinem
960 3714 1112 3778 aoeedunt
1126 3714 1163 3775 ad
1179 3713 1397 3793 praeliamini
1413 3712 1475 3775 bue
1486 3718 1577 3792 ntqoe
1594 3713 1667 3776 illue
1683 3713 1828 3776 celeriter

42 3833 176 3906 laniunt,
193 3847 230 3893 ao
243 3831 415 3910 segniores,
433 3829 497 3892 site
512 3829 657 3892 monaehi
673 3831 880 3896 nominantur.
960 3829 1193 3922 diseurqentes,
1215 3829 1357 3892 mandata
1383 3827 1579 3906 imperatoris
1601 3833 1637 3890 ao
1662 3828 1775 3892 duoem
1789 3828 1827 3890 ad

83 3949 173 4012 Ordo
188 3947 307 4027 primus
322 3963 357 4008 ao
373 3945 587 4009 nobilissimus
602 3946 784 4010 elericorum
799 3948 847 4011 uel
859 3949 914 4012 du·
961 3945 1076 4008 milites
1092 3946 1261 4026 perierunt

43 4081 97 4128 ees
113 4063 231 4138 babet,
247 4062 297 4125 rel
309 4063 425 4125 dueum
445 4060 581 4140 ipsorum
596 4062 725 4126 romulos
740 4069 771 4128 et
785 4059 914 4127 admini·
1001 4061 1094 4126 Porro
1108 4062 1191 4138 laioi,
1207 4062 1268 4124 boe
1283 4067 1341 4135 est,
1359 4061 1495 4140 populus
1510 4059 1580 4139 ipse
1595 4059 1716 4134 idolis,
1734 4060 1827 4140 longo

43 4189 140 4244 siros.
155 4179 243 4243 Licet
257 4177 341 4241 enim
361 4178 533 4258 imperator
550 4177 718 4243 *Eeolesiae
744 4179 862 4260 primus
878 4197 914 4245 oe
959 4180 1084 4258 lateque
1099 4183 1160 4242 toto
1176 4193 1285 4256 eampo
1309 4175 1466 4253 diliusus,
1483 4182 1575 4255 alque
1600 4175 1749 4238 adversus
1765 4175 1828 4236 diu-

44 4311 200 4373 summuS,
217 4288 356 4358 cbristus
369 4294 438 4374 ipse
453 4295 504 4372 sit,
520 4300 622 4359 tamen
638 4297 720 4375 quod
735 4309 798 4360 non
814 4298 914 4366 solurn
959 4296 1066 4358 bolum
1081 4296 1140 4358 sub
1155 4293 1267 4358 Gbrlsti
1284 4293 1383 4372 signis
1397 4292 1428 4355 in
1443 4294 1510 4358 acie
1526 4293 1735 4365 constitutus,
1753 4307 1828 4370 qoa-

44 4415 74 4476 in
92 4413 203 4488 terris,
219 4411 275 4475 sod
291 4411 382 4474 etiem
398 4411 429 4472 in
445 4409 564 4486 coelis,
581 4417 611 4474 ei
625 4414 705 4491 apud
721 4413 915 4478 inlerosma·
959 4414 985 4476 si
1001 4413 1182 4494 quadratum
1208 4427 1320 4491 agmen
1337 4411 1452 4482 ellicit,
1469 4416 1560 4490 alque
1576 4407 1715 4472 stararias
1733 4408 1829 4488 legio

45 4528 127 4612 ptos
143 4528 298 4592 exereitus
312 4527 448 4604 babent,
466 4527 612 4608 qnodque
633 4530 709 4592 solis
725 4531 915 4596 coelestibus
962 4545 1035 4591 nese
1048 4529 1164 4592 Omnes
1179 4527 1262 4590 enlm
1278 4527 1309 4588 in
1323 4526 1479 4605 baptismo
1505 4524 1674 4590 addidisti
1690 4524 1830 4587 militiam

45 4644 258 4724 praesentiam
275 4659 376 4718 suam,
392 4650 426 4706 nt
440 4661 494 4722 par
508 4651 574 4718 est,
591 4645 811 4724 aspectabilem
827 4663 915 4724 prae·
961 4662 1075 4710 ttamen
1090 4646 1253 4722 dederunt,
1271 4645 1597 4725 ejusqoe‘elrnraetaro
1613 4641 1765 4720 insigniti,
1782 4657 1830 4704 sa·

45 4762 118 4826 beat
132 4809 141 4836 ‚
157 4733 303 4823 vicariurn
319 4759 559 4840 imperatorem,
576 4777 612 4823 ae
626 4761 737 4824 dueem
754 4763 913 4842 exercitui,
961 4766 1153 4824 aramentum
1178 4766 1396 4842 perceperunt.
1413 4759 1530 4824 Omnes
1545 4776 1600 4839 per
1620 4773 1740 4826 sacram
1758 4771 1831 4819 ron·

47 4880 99 4956 qui
117 4882 166 4940 esi
181 4875 212 4940 in
229 4875 331 4950 terris,
348 4876 520 4954 apostolum
537 4875 659 4938 Petrum
674 4924 682 4949 ‚
699 4878 832 4956 ejusque
846 4895 915 4941 suo·
961 4877 1164 4941 lismationem
1179 4876 1216 4939 nd
1232 4879 1383 4956 praelium
1395 4875 1529 4949 induetl,
1544 4875 1749 4954 erueiasigno
1763 4891 1829 4936 utu-

46 5009 191 5059 eessores
206 5009 328 5058 summo
355 5007 425 5056 oum
441 4991 593 5072 imperio,
611 5000 641 5054 et
664 4999 815 5071 potestate
831 5009 917 5074 prae·
964 4993 1018 5056 triti
1033 5039 1041 5066 ,
1057 4999 1148 5072 atque
1163 4993 1255 5056 armis
1270 4993 1460 5056 eoelestihns
1482 4991 1585 5054 donati
1603 5035 1609 5066 ,
1627 4989 1832 5068 instructique

49 5112 134 5175 leeit.
151 5109 233 5190 lirqo
258 5108 558 5189 romanuspontifex
582 5110 694 5172 haeres
710 5110 917 5188 apostolorum
963 5116 1048 5172 sunt.
1073 5109 1237 5190 lienique,
1272 5125 1383 5172 omnes
1408 5113 1447 5172 de
1473 5125 1580 5170 nmnsu
1607 5106 1831 5184 Dominiopu·

49 5208 316 5306 principiseastra
333 5226 480 5288 eoelestis
496 5225 528 5286 iu
543 5223 634 5288 terris
648 5224 919 5300 dueit,Cbristum·
964 5224 1138 5289 lentissimo
1160 5231 1353 5301 commeatu,
1380 5225 1652 5305 amplissimosque
1679 5222 1833 5290 mercedis

49 5361 109 5424 que
125 5343 228 5423 ipsum
254 5343 345 5407 nobis
361 5342 541 5408 mortalibus
556 5341 782 5424 quodammodo
797 5359 920 5422 reprae·
965 5341 1095 5422 pignore
1111 5345 1152 5403 in
1177 5342 1362 5404 eoeltnristin
1388 5349 1563 5421 percepto,
1591 5339 1710 5402 bellum
1734 5317 1847 5402 aeter?

53 5467 166 5524 sientat.
474 5441 475 5448 ἵ
537 5481 539 5488 ’
696 5479 697 5484 ’
967 5475 1040 5522 nuni
1068 5458 1480 5537 diabolo,niqueomnibns
1506 5457 1574 5536 rjus
1602 5454 1832 5534 coptislndixe·

90 5575 224 5640 Proximi
240 5583 313 5639 sunt
343 5575 505 5656 episcopi,
536 5581 589 5660 qut
619 5575 812 5638 tribunorum
841 5573 921 5638 mili·
967 5583 1050 5640 rorrt.
1826 5577 1831 5584 '

52 5695 159 5758 larium
177 5696 281 5757 lorum
297 5693 408 5770 sortiti,
427 5693 579 5773 imperant
595 5693 686 5755 etlam
702 5691 759 5772 ipsi
776 5741 782 5768 ‚
802 5707 863 5754 non
880 5699 921 5756 to·
1009 5691 1072 5754 iarn
1101 5709 1171 5756 uero
1187 5691 1345 5772 regulares
1372 5709 1405 5754 ae
1423 5687 1563 5752 rnonaebi
1580 5733 1586 5762 ,
1606 5701 1705 5764 neque
1723 5699 1783 5746 uno
1801 5682 1832 5780 ln
