4086 6296
837 398 932 457 tlttltll
945 389 1090 454 tullettts
1726 389 1779 448 ιιι

77 528 382 605 militiamredounl,
400 529 554 600 subditur,
572 526 948 610 nisieonsiliorcligioso·
994 534 1077 597 mnia
1093 529 1189 605 bella,
1217 541 1280 592 non
1309 523 1453 609 inlelligit
1479 523 1634 591 Christum
1662 523 1861 604 prohibuisse

76 630 150 676 rum
161 613 379 692 cpiscoporum
396 628 453 690 pro
469 611 663 674 detendende
672 609 804 688 justitia.
993 615 1088 686 bello,
1104 612 1160 676 sed
1173 611 1363 690 providentie
1379 627 1435 673 sua
1451 610 1626 690 generalem
1639 621 1755 686 pacem·
1773 621 1861 668 mun·

121 695 224 757 Tertio
239 692 428 772 objiciuntur
438 695 476 755 ab
491 693 618 756 Erasmo
634 691 720 770 plura
733 691 800 754 loco
813 693 947 767 Petrum,
993 698 1034 760 do
1047 694 1189 758 attulisse
1205 699 1344 772 tompore
1359 693 1525 754 natiuitatis
1540 689 1730 753 suaelmmo
1745 688 1862 750 ibidem

77 777 196 852 ouibus
210 775 352 838 addimus
375 775 448 845 duo,
477 790 572 838 unum
588 773 767 836 Tertulliani
784 819 793 849 ,
820 775 949 838 alterum
994 777 1109 856 aliquid
1125 780 1172 840 est
1188 780 1292 838 contra
1307 774 1481 836 Eudemum:
1500 772 1574 835 dicit
1589 771 1672 835 enim
1695 770 1861 849 Origenes,

75 857 271 937 Hieronymi.
287 857 494 919 Tertullianus
510 857 565 919 lib.
583 857 623 919 dc
639 871 751 919 corone
770 856 886 929 militis,
902 859 949 919 ul·
994 865 1157 938 propterea
1169 857 1225 919 bei
1240 855 1431 934 providentia
1445 856 1560 917 laetum
1575 869 1657 925 esse,
1671 854 1860 915 ulrenieulo

72 945 121 1000 tra
136 940 284 1012 medium,
301 939 422 1019 quaerit
434 955 472 999 an
499 937 673 1000 Christiano
703 938 808 1000 militia
838 953 949 1002 conre-
995 941 1117 1008 chrislo
1131 938 1371 1002 omniaromano
1387 937 1564 1015 imperatori
1587 935 1726 1016 subjecta
1743 939 1864 1006 esseut,

71 1022 159 1083 niati
172 1025 203 1084 el
219 1021 407 1097 respondet:
433 1020 603 1083 credimus
617 1035 682 1093 rte,
706 1019 817 1097 inquil,
834 1021 949 1084 humo·
994 1024 1065 1103 quta
1081 1023 1108 1084 si
1119 1020 1208 1083 mulli
1223 1019 1356 1082 luissent
1370 1033 1473 1097 reges,
1488 1019 1667 1080 necessaria
1683 1014 1774 1079 eliam
1789 1015 1863 1080 luis·

70 1119 159 1166 raum
174 1107 421 1165 sacromentum
443 1102 556 1166 diuino
571 1101 790 1180 superinduci
818 1103 947 1166 licere?
993 1110 1064 1168 sent
1077 1104 1173 1175 bella,
1190 1101 1305 1182 quibus
1330 1101 1382 1163 alii
1405 1100 1535 1162 aliorum
1557 1099 1685 1180 iujurias
1700 1100 1864 1178 propulsa·

73 1192 107 1246 ct
121 1187 162 1247 tn
172 1185 279 1247 olium
290 1184 466 1246 Dominum
477 1184 675 1261 respondere
685 1187 757 1261 post
770 1183 950 1248 Christum?
993 1192 1075 1250 rent.
1091 1182 1315 1262 lnposteriore
1331 1182 1422 1244 etiam
1436 1182 1506 1244 loco
1529 1183 1607 1244 nihil
1621 1181 1734 1243 dicitur
1755 1187 1862 1242 eontra

75 1265 189 1329 licebit
202 1267 242 1329 ιιι
262 1267 374 1344 plodio
402 1266 611 1337 conuersuri,
640 1265 777 1326 Domino
801 1281 949 1344 prouene-
993 1269 1125 1344 bellum3
1140 1267 1270 1329 latemur
1284 1265 1368 1327 enim
1380 1279 1443 1326 non
1459 1264 1500 1326 ita
1516 1279 1621 1325 crasse
1633 1262 1724 1325 rerba
1741 1262 1862 1324 bomini

76 1351 202 1421 etontc,
218 1347 331 1427 plodio
341 1348 600 1427 periturumque·
614 1347 726 1424 plodio
738 1345 838 1423 llccrh
850 1349 950 1410 astu?
994 1348 1214 1429 intelligenda,
1238 1351 1272 1408 ut
1301 1345 1414 1408 debeat
1442 1345 1658 1424 uuusquisque
1682 1345 1863 1406 necessario

74 1437 109 1491 et
122 1429 251 1508 proelio
266 1429 455 1507 operabitur
464 1427 553 1508 filius
565 1430 680 1509 pects,
697 1429 753 1491 cui
766 1445 827 1492 uec
843 1429 949 1509 lilipu-
992 1432 1128 1496 rendere
1153 1429 1288 1492 tunicam
1311 1433 1342 1490 et
1363 1443 1468 1490 emere
1488 1426 1645 1506 gladium,
1668 1427 1725 1488 sed
1756 1427 1857 1488 solum

74 1527 115 1574 re
131 1511 321 1574 couucuict?
993 1517 1087 1580 modo
1102 1513 1157 1575 illo
1172 1509 1320 1590 loquendi
1346 1507 1510 1571 bominum
1528 1508 1685 1587 explicaro
1700 1508 1838 1571 voluisse
1853 1554 1861 1580 ,

119 1593 319 1671 hesponooo:
334 1591 555 1656 Tertullianum
571 1607 633 1654 non
648 1590 795 1654 damnare
809 1591 948 1654 militiam
994 1598 1025 1659 in
1043 1596 1157 1658 talibus
1183 1591 1335 1673 angustiis
1351 1598 1382 1654 et
1406 1590 1594 1653 necessitate
1609 1591 1769 1668 apostolos
1784 1591 1864 1652 iutu-

76 1680 239 1754 tamquam
261 1689 317 1751 per
338 1690 373 1736 sc
396 1675 519 1736 malam.
543 1673 629 1746 Quod
653 1678 736 1751 petel
763 1673 888 1752 primo.
912 1689 950 1736 cx
992 1695 1045 1742 ros
1061 1684 1200 1754 tempore
1216 1673 1386 1754 passionis,
1403 1674 1526 1752 qualem
1544 1671 1744 1748 patiunturii,
1763 1672 1815 1752 qui
1830 1678 1863 1734 ul

76 1756 163 1820 lotis
184 1757 404 1835 sumptibilis.
422 1755 668 1834 exapologerieo
687 1771 757 1833 cap.
780 1755 811 1816 5.
828 1761 859 1817 et
873 1755 925 1818 ta.
992 1777 1027 1824 se
1049 1759 1240 1833 defendant,
1269 1755 1409 1819 rendunt
1436 1753 1572 1818 tunicum
1602 1759 1633 1817 el
1660 1760 1767 1817 emunt
1794 1755 1859 1836 glo·

121 1837 277 1912 Secundo,
295 1836 366 1916 quia
383 1837 414 1899 tn
431 1838 491 1899 hoc
505 1837 584 1898 libro
599 1835 638 1899 de
654 1853 765 1898 corona
784 1835 890 1898 militis
907 1838 949 1900 la·
994 1843 1092 1905 dium.

71 1924 161 1982 tetur
175 1934 242 1992 eos,
256 1919 309 1994 uui
321 1919 435 1981 milites
450 1923 537 1980 crant
552 1923 622 1980 ante
637 1918 836 1995 baptismum,
854 1934 948 1998 posse
1036 1924 1097 1988 Sed
1114 1922 1188 2002 quid
1201 1919 1276 1983 hiuo
1291 1918 1448 2000 colligitur
1462 1923 1567 1981 contra
1584 1917 1721 1982 bellum?
1735 1917 1778 1979 ιι
1792 1917 1862 1994 nula

72 2014 206 2064 manere
221 1999 335 2062 milites
350 2001 441 2062 etiam
463 2004 535 2080 post
559 1999 745 2078 baptismum
765 2046 773 2073 ‚
793 2006 831 2063 et
845 2002 947 2064 solum
993 2005 1144 2068 Dominus
1159 2006 1219 2066 boc
1230 2004 1301 2066 loco
1312 2019 1374 2065 nou
1394 2001 1500 2082 jussit,
1518 2008 1551 2063 ut
1566 2001 1697 2080 apostoli
1711 2015 1782 2062 rere
1796 2002 1862 2080 glo·

71 2084 172 2145 docet
200 2097 263 2145 nou
284 2082 401 2145 debere
423 2083 460 2144 ad
482 2081 625 2143 militiam
640 2084 789 2144 accedere
805 2087 877 2162 post
891 2083 945 2144 ba·
993 2087 1062 2150 dios
1078 2085 1304 2152 emerent.ideo
1316 2084 1506 2163 intelligetur
1515 2083 1714 2160 prohibuisse
1725 2082 1862 2144 bellum?

70 2165 226 2243 ptismum
241 2178 312 2226 oum
328 2165 381 2244 qul
397 2163 675 2237 llbercstzl’lcrre,
692 2162 805 2242 inquit,
820 2166 947 2244 siquos
992 2169 1074 2249 quod
1091 2171 1165 2231 item
1183 2166 1327 2245 Origines
1352 2165 1393 2226 ait
1416 2164 1524 2227 homil.
1550 2165 1599 2227 ts.
1618 2167 1650 2226 in
1675 2163 1781 2234 losuc,
1799 2180 1863 2226 non

71 2245 200 2308 militia
212 2251 404 2324 praecentus
418 2243 498 2324 fides
518 2247 679 2324 posterior
703 2247 850 2319 inaruit,
877 2246 948 2308 clio
993 2267 1064 2313 asse
1077 2248 1258 2313 christianis
1273 2248 1404 2326 carnalia
1417 2248 1498 2310 bello
1515 2245 1864 2326 peragendasignidcut

74 2328 225 2390 conditio
240 2330 297 2403 eet,
313 2331 351 2389 ιιι
365 2341 489 2402 cortun,
514 2341 596 2406 quos
624 2327 768 2390 Joouues
797 2330 947 2392 celrnr'tlc·
993 2333 1133 2395 militiam
1150 2330 1349 2393 christianam
1372 2329 1431 2391 sub
1448 2329 1632 2405 imperatore
1656 2327 1778 2390 Christo
1799 2343 1863 2389 non

76 2409 138 2471 bill
153 2409 199 2472 ild
219 2409 400 2482 lavacrum,
427 2413 464 2472 ut
490 2410 723 2472 centurionum
748 2407 950 2486 fideliltl‘mo·
995 2431 1067 2478 esse
1080 2413 1235 2478 carnalem
1252 2418 1357 2474 contra
1373 2410 1539 2481 homines,
1564 2416 1597 2472 ut
1618 2410 1673 2471 luit
1689 2409 1795 2471 militia
1810 2408 1863 2472 lu-

75 2505 171 2564 rum,
188 2506 285 2571 quern
302 2491 444 2554 Christus
456 2490 584 2570 probol,
602 2497 632 2552 ιι
653 2505 750 2570 quern
764 2491 877 2554 Ριιιιιι
893 2508 947 2555 co·
995 2498 1143 2560 dacorum
1158 2494 1216 2558 sub
1230 2493 1398 2567 temesae
1411 2491 1601 2572 spiritualem
1618 2498 1722 2554 contra
1739 2493 1864 2553 daemo-

72 2573 228 2646 leclll'zah
247 2575 328 2635 ditm
342 2577 453 2635 iamim
465 2571 700 2650 susceptapde,
718 2578 816 2652 utque
840 2575 949 2652 ιιιιια·
995 2595 1065 2653 nos,
1078 2593 1140 2640 uon
1158 2583 1259 2638 tamen
1276 2577 1349 2637 hino
1366 2574 1505 2652 seqnitur
1519 2590 1579 2636 non
1596 2573 1692 2636 licere
1718 2572 1862 2636 Christia-

74 2661 115 2716 ια
132 2699 140 2726 ,
165 2659 224 2716 cut
239 2655 458 2717 deserendum
472 2655 580 2716 statim
594 2656 646 2725 stt,
662 2661 699 2716 ut
712 2654 824 2717 multis
839 2661 950 2720 cotenu
996 2663 1058 2734 nis,
1072 2665 1107 2723 ut
1121 2666 1194 2722 sunt
1216 2660 1301 2720 eires
1317 2656 1460 2734 politicae
1476 2656 1611 2734 reipubl.
1636 2656 1715 2717 bella
1738 2671 1861 2734 gerere.

74 2740 142 2797 ortt
163 2735 313 2798 cruribus
328 2738 435 2800 modis
451 2737 701 2812 eooilloudum,
725 2753 768 2800 ιιι
792 2737 875 2817 quid
889 2740 949 2801 cd·
1026 2745 1078 2805 ἰιι
1095 2741 1230 2804 eundem
1247 2741 1370 2802 modum
1385 2738 1641 2815 solrrrntur‚quae
1658 2737 1805 2800 Erasmus
1817 2740 1860 2800 al-

73 2832 195 2879 cereres
209 2815 313 2880 Deum
328 2817 561 2881 committetur.
994 2826 1054 2888 lert
1077 2839 1114 2887 ex
1126 2822 1367 2900 chrysostomo,
1407 2819 1519 2882 Basilio
1538 2825 1569 2881 et
1582 2819 1814 2898 Tbeopbylacto
1826 2835 1863 2884 ex

119 2898 221 2960 Tertio
237 2905 330 2976 palat,
345 2900 416 2978 quia
431 2915 561 2962 caussae
574 2901 853 2982 praecipuae,quas
879 2902 949 2965 red·
995 2913 1102 2970 calena
1115 2905 1148 2967 b.
1165 2905 1301 2966 Thomae
1313 2903 1343 2963 in
1356 2918 1424 2980 cap.
1442 2899 1493 2962 ιι.
1520 2901 1633 2974 ιιιιι,
1650 2902 1751 2963 solum
1777 2902 1863 2964 enim

72 2979 134 3054 dit,
153 2995 209 3042 eur
223 2977 388 3043 Christiani
403 2997 465 3044 nun
482 2983 617 3044 debeant
632 2985 776 3059 militare,
791 2989 864 3046 sunt
878 3001 948 3062 pro·
994 2989 1110 3052 docent
1125 3003 1187 3049 non
1201 2984 1339 3068 jussisse
1354 2983 1526 3064 apostolis,
1544 2987 1577 3046 ul
1589 2998 1662 3046 rere
1685 2982 1806 3064 gladios
1828 3000 1861 3047 e·

71 3067 148 3139 pter
163 3059 335 3139 periculum
351 3063 556 3137 idololatriae,
571 3069 646 3127 tunc
661 3064 742 3127 enim
759 3079 867 3129 omncs
881 3067 946 3128 iere
993 3075 1126 3134 merent.

71 3143 239 3221 principes
254 3145 388 3223 gentiles
403 3149 500 3209 erant.
517 3146 625 3224 ltaque
637 3163 693 3224 per
704 3148 851 3210 accidens
864 3148 947 3226 judl-
1032 3151 1152 3216 Deinde
1166 3151 1273 3230 objicit
1287 3147 1483 3213 Ambrosium
1499 3194 1507 3221 ,
1531 3146 1583 3228 qui
1605 3149 1661 3212 lib.
1679 3148 1729 3212 ill.
1748 3148 1780 3211 ln
1800 3147 1860 3211 bu·

70 3225 168 3286 cabat
190 3225 398 3290 Tertullianus
412 3227 526 3289 malum
542 3242 614 3290 osse
636 3229 752 3292 bellum
775 3245 812 3292 eo
828 3236 945 3307 tempo·
991 3251 1058 3298 cam
1075 3250 1236 3314 exponens
1250 3233 1340 3294 illud:
1358 3229 1414 3306 Qui
1432 3247 1494 3292 nou
1519 3231 1635 3302 babet,
1652 3231 1766 3293 vendat
1781 3231 1861 3293 tuni-

70 3322 137 3366 re:
162 3305 359 3380 limcubabtt,
383 3309 494 3387 inquit,
520 3325 580 3386 pro
603 3313 739 3390 templis,
757 3311 874 3392 quibus
894 3327 944 3374 re·
990 3335 1057 3380 eam
1087 3323 1119 3379 et
1138 3321 1220 3380 emat
1236 3315 1384 3394 gladium:
1402 3311 1425 3376 0
1445 3311 1593 3384 Dorulato,
1624 3311 1736 3392 inquit,
1754 3328 1814 3376 orer
1827 3329 1861 3375 e·

70 3389 271 3451 ιιιιιιιιαιιιι
285 3395 315 3451 ιι
329 3390 477 3453 coercebit
489 3391 558 3454 illic
568 3391 628 3454 ubi
639 3394 783 3472 apostolo
794 3409 864 3455 uuo
873 3394 943 3471 plc-
988 3415 1077 3462 mere
1090 3415 1142 3462 rue
1150 3397 1247 3477 jubes
1261 3397 1422 3475 clodium,
1437 3395 1496 3474 qui
1504 3395 1603 3472 sarire
1616 3411 1669 3458 me
1680 3395 1856 3474 prohteesr

72 3472 146 3531 cet?
161 3475 192 3531 et
205 3485 286 3550 qrtos
300 3471 447 3535 iutcrdr'rt
462 3475 653 3537 exorcismis
677 3475 804 3554 iupooit
818 3521 825 3541 .
840 3477 945 3539 nocti·
991 3497 1050 3544 cur
1061 3481 1176 3547 heberi
1188 3477 1354 3558 praecipis
1371 3526 1379 3546 ,
1396 3492 1493 3555 quem
1506 3481 1595 3539 cetos
1621 3478 1731 3555 prornr'
1746 3480 1765 3540 ι
1793 3479 1865 3542 ulei

72 3551 137 3614 bus
153 3551 355 3628 defensabit?
367 3554 527 3617 aemilium
541 3571 670 3638 quoquc
681 3556 825 3636 portabit
834 3571 945 3622 cernu-
988 3564 1069 3641 sorte
1082 3567 1120 3624 ιιι
1133 3563 1175 3624 stt
1185 3563 1306 3638 perclo
1317 3560 1547 3636 desursiomon
1560 3559 1643 3620 rrltr'c
1657 3561 1857 3632 necessario,

72 3635 149 3696 turn
166 3633 288 3698 cbristo
304 3641 363 3696 etc.
379 3636 471 3698 Porro
487 3637 564 3698 aliae
586 3640 722 3701 rationes
751 3639 822 3718 eJ'us
849 3655 945 3720 supra
989 3649 1020 3707 et
1033 3647 1150 3706 uideor
1162 3641 1305 3720 potuisse
1320 3639 1509 3714 otudtcort,
1532 3641 1592 3703 aed
1604 3641 1777 3715 noluisse,·
1804 3642 1861 3705 leuc

72 3715 201 3794 positae
210 3716 314 3777 solum
328 3718 548 3794 congruentiae
562 3725 644 3796 sunt,
658 3726 691 3782 ut
705 3727 799 3800 patet.
989 3733 1100 3789 tcnrcrr
1109 3725 1245 3801 referire
1258 3739 1328 3786 nco
1341 3725 1449 3793 velot,
1467 3728 1497 3784 et
1511 3723 1586 3785 ideo
1600 3721 1737 3798 fortasse
1764 3723 1859 3788 Petro

117 3796 374 3889 hieronymusin
390 3798 483 3876 epist.
510 3798 548 3860 ad
565 3801 769 3874 heeruchiam
785 3802 824 3865 de
838 3819 947 3866 mono·
990 3810 1072 3871 duos
1093 3807 1221 3886 plodios
1238 3801 1395 3884 offerenti,
1412 3807 1464 3866 sol
1478 3809 1534 3868 est.
1552 3805 1747 3883 dict'spuem'
1760 3805 1859 3868 licue-

72 3893 192 3957 gamra:
211 3877 305 3949 Olim,
321 3879 432 3958 tuqurit,
449 3879 657 3946 bellatoribus
686 3883 877 3956 dicebatur,
893 3901 947 3949 oc·
991 3891 1037 3953 ιιι
1051 3905 1155 3968 usque
1177 3889 1222 3951 cd
1237 3886 1455 3963 moncellum,
1474 3891 1508 3948 ut
1522 3887 1564 3947 sit
1576 3887 1614 3948 ιι
1629 3887 1698 3963 lepc
1713 3889 1861 3966 aequilo-

73 3961 175 4055 cr'npe
189 3960 341 4037 etodium
355 3965 449 4023 tuum
468 3977 569 4041 super
593 3966 701 4043 semare
725 3972 818 4029 tuum
835 3971 948 4047 pelcu-
992 3973 1032 4034 lis
1047 3971 1209 4040 eruditio,
1239 3969 1278 4032 ιιι
1308 3967 1477 4045 eooupelio
1506 3965 1660 4030 bonitalis
1686 3968 1855 4046 perfectio.

76 4043 220 4102 tissrme:
234 4055 326 4103 nuuc
340 4041 433 4104 Petro
460 4045 598 4119 dicitur,
627 4053 775 4112 conuerte
799 4049 949 4128 plodt'urn
991 4053 1179 4131 Respondeo
1197 4051 1319 4128 prtum:
1336 4048 1416 4110 tlthtt
1433 4048 1493 4110 hoo
1512 4049 1582 4110 loco
1597 4048 1660 4110 dici
1686 4051 1725 4110 de
1755 4051 1860 4125 bello,

73 4129 174 4184 tuum
188 4122 227 4184 ιιι
241 4125 397 4201 ecpiuorn
412 4127 471 4187 etc.
488 4125 695 4203 hespouoeo:
721 4129 793 4192 Vult
817 4131 947 4207 dicere,
994 4135 1076 4214 quod
1093 4133 1217 4213 publica
1235 4131 1414 4194 auctoritate
1431 4129 1675 4196 exercetur,sed
1691 4129 1863 4208 deprimis

72 4205 108 4266 in
126 4203 327 4267 Testamento
342 4205 437 4269 veleri
452 4207 535 4270 bella
547 4208 646 4270 luisse
662 4210 809 4288 imperate
825 4229 840 4272 a
856 4213 920 4274 beo
936 4259 944 4288 ,
993 4216 1188 4285 detonsione,
1202 4215 1249 4276 rol
1265 4211 1394 4275 ultione.
1412 4210 1558 4273 Secundo
1572 4209 1643 4273 dico
1659 4212 1750 4273 etiem
1766 4213 1865 4289 prita-

73 4292 108 4348 et
122 4285 303 4348 necessaria
334 4288 371 4349 ad
402 4293 512 4352 terram
530 4291 748 4369 promissionis
769 4293 950 4372 capiendam
993 4303 1053 4358 lam
1069 4297 1296 4366 detonsionem,
1311 4295 1484 4355 secundum
1498 4291 1650 4355 Ambrosii
1662 4295 1863 4370 sententium,

81 4374 115 4427 et
132 4369 393 4432 conseruandamr
420 4370 451 4432 in
468 4369 665 4436 Testamenta
691 4389 771 4437 noro
800 4392 861 4438 non
880 4390 952 4439 esse
994 4387 1055 4441 non
1072 4378 1227 4456 pertinere
1244 4377 1279 4438 ad
1297 4374 1536 4453 prohibitionem
1553 4376 1724 4452 praecepti,
1739 4378 1795 4438 scd
1823 4375 1862 4440 ed

77 4451 236 4527 imperata
264 4449 370 4526 bella,
393 4453 448 4513 sed
471 4456 575 4531 polius
597 4471 728 4533 pacem,
751 4457 821 4536 quia
848 4456 884 4519 ad
901 4473 948 4519 re·
993 4459 1216 4538 perlectionem
1234 4457 1368 4526 consilii,
1383 4463 1417 4518 ul
1429 4457 1479 4516 illa
1493 4456 1585 4518 rerba
1601 4457 1684 4519 clere
1699 4457 1862 4534 indicant,

77 4545 179 4610 gnum
196 4531 354 4594 coelorum
371 4534 595 4610 acquirendum
622 4553 684 4600 uon
711 4545 784 4602 sunt
798 4555 879 4600 arma
896 4555 950 4601 no·
994 4549 1027 4605 ut
1042 4541 1082 4604 sit
1097 4541 1127 4602 ln
1141 4541 1212 4618 lege
1225 4538 1387 4618 aequitatis
1399 4537 1543 4612 eruditio,
1557 4537 1588 4599 in
1601 4539 1762 4619 evaugelio
1773 4537 1863 4606 boui·

75 4611 306 4674 cessoriullorr
320 4619 421 4676 tamen
436 4616 511 4678 hinc
523 4618 740 4696 sequiturmon
755 4636 850 4698 posse
866 4619 951 4683 Cirri-
994 4624 1065 4687 totis
1081 4621 1243 4702 perlectio.

73 4695 214 4786 silanos,
238 4695 367 4790 uicinos
381 4698 561 4792 temporalis
575 4700 710 4779 reipubl.
733 4702 814 4765 bello
839 4717 949 4782 gerere
1035 4704 1234 4784 ltemobjicit
1254 4703 1400 4766 Erasmus
1426 4703 1644 4784 Augustinum
1669 4719 1763 4782 quem
1789 4703 1865 4768 dicit

74 4791 150 4838 cum
168 4791 220 4848 us,
234 4791 251 4838 a
267 4777 382 4853 ouibus
397 4779 541 4858 injuriam
553 4790 753 4860 acceperunt.
996 4802 1058 4849 uon
1075 4786 1136 4849 sibi
1149 4793 1303 4858 constare,
1328 4793 1359 4848 et
1374 4785 1399 4847 si
1414 4785 1528 4847 alicubi
1556 4786 1630 4847 belli
1657 4784 1863 4864 patrocinium

117 4857 246 4920 Praeter
261 4859 340 4954 buco
355 4859 464 4940 objicit
487 4861 636 4926 Erasmus
658 4865 775 4944 aliquot
803 4864 882 4929 alios
897 4866 951 4927 Ta·
996 4869 1182 4946 susceperit,
1200 4875 1301 4930 lamen
1318 4867 1391 4931 alibi
1407 4873 1511 4928 contra
1528 4866 1644 4930 bellum
1667 4867 1833 4944 scripsisse
1851 4887 1860 4947 ;

75 4944 154 5012 tres,
173 4953 210 4999 ac
231 4955 366 5016 prrmum
381 4940 559 5020 Oripeuem,
586 4945 639 5022 oui
654 4946 709 5009 lib.
726 4949 758 5009 2.
775 4953 858 5010 cont.
884 4947 953 5010 del·
998 4967 1068 5014 nam
1085 4953 1115 5012 in
1132 4951 1244 5028 psalm.
1261 4949 1312 5010 ill.
1330 4948 1448 5010 scribit:
1465 4948 1535 5010 tlon
1549 4963 1644 5011 ornre
1659 4947 1863 5018 debemruut

74 5035 147 5082 sum
164 5020 260 5099 paulo
284 5028 359 5116 ente
376 5024 512 5087 medium
541 5026 640 5102 dicit,
665 5029 820 5091 Christum
847 5031 950 5092 omnio
997 5033 1187 5096 morientur
1199 5031 1339 5102 inimici,
1355 5031 1414 5094 sed
1425 5035 1462 5091 ul
1477 5029 1698 5108 corriperetur.
1715 5030 1753 5093 Et
1768 5031 1862 5110 epist,
1898 5025 1906 5036 “

74 5101 163 5196 bella
179 5103 359 5196 sustulisse
376 5110 407 5166 el
422 5109 539 5168 tractat.
554 5109 583 5171 l.
599 5109 632 5171 ln
654 5109 758 5173 llatlh.
787 5122 949 5187 exponens
997 5114 1027 5176 t.
1042 5115 1079 5177 ad
1096 5114 1307 5176 llarcelltnum
1324 5115 1416 5174 multa
1434 5111 1544 5173 scribit
1565 5117 1671 5174 conlrn
1687 5112 1817 5184 bellum.
1832 5114 1864 5179 tn

74 5185 182 5244 obiter·
198 5182 274 5246 allud
289 5183 364 5247 buc.
380 5185 501 5263 22.Qttr'
513 5203 583 5252 nort
594 5191 689 5254 hobel
699 5193 861 5272 plodittrn,
873 5209 948 5256 cerr·
995 5197 1087 5276 epist.
1104 5209 1177 5258 roro
1194 5194 1263 5257 ibib.
1286 5201 1315 5256 ιι
1327 5194 1399 5255 alibi
1416 5193 1570 5272 supplicat
1582 5193 1685 5256 eidem
1711 5195 1861 5258 llaroellt·

78 5267 138 5327 det
155 5265 305 5330 rrmtecut
330 5271 457 5332 eternct
471 5271 720 5349 plociumlllcit
734 5273 946 5354 perniciosum
995 5293 1047 5350 no,
1065 5283 1098 5340 ul
1112 5277 1286 5340 haereticos
1302 5275 1478 5338 bonatistas
1503 5274 1579 5338 oltra
1605 5277 1789 5356 sauguinem
1807 5295 1863 5358 pu·

76 5361 152 5410 csse
169 5347 254 5442 bunc
280 5348 383 5410 locum
400 5350 437 5414 iis
460 5353 511 5432 qui
542 5355 706 5418 carnaliter
733 5371 804 5420 eum
833 5356 947 5419 intelli·
995 5359 1070 5421 nial.

76 5432 167 5506 gunt,
185 5445 240 5505 our
255 5443 359 5492 revera
376 5438 484 5507 putant
498 5449 571 5497 esso
595 5438 730 5500 tunicam
751 5438 947 5501 rendendum
1034 5440 1236 5518 Respondeat
1252 5439 1380 5502 videtur
1401 5437 1549 5502 Erasmus
1564 5455 1679 5517 pueros
1704 5446 1857 5518 putasse,

75 5512 112 5571 ad
130 5510 299 5573 emendum
315 5513 464 5590 gladium.
994 5538 1064 5585 cum
1081 5522 1195 5602 qrribus
1209 5521 1408 5598 agebatquid
1425 5521 1507 5581 cuim
1524 5521 1601 5584 haec
1613 5522 1650 5583 ad
1667 5525 1861 5600 propositum

117 5591 356 5688 llespondeosln
371 5596 475 5673 priore
487 5597 557 5661 loco
569 5597 646 5660 nibil
659 5615 729 5663 esse
742 5601 945 5680 probrasm03
993 5605 1126 5667 iaciunt?
1142 5621 1211 5665 narn
1229 5605 1258 5663 tn
1275 5605 1387 5680 psalm.
1405 5602 1457 5663 bl.
1474 5603 1677 5682 reprehendit
1688 5603 1792 5666 odium
1805 5606 1864 5666 inl·

74 5689 147 5754 rum
163 5689 248 5738 eorm
270 5673 424 5756 erigones
446 5679 531 5758 dicit,
561 5679 716 5746 Christum
738 5683 903 5748 sustulisse
914 5699 946 5748 o·
993 5687 1141 5766 mietquo
1155 5685 1634 5766 aliquibeunroranlpromorle
1649 5685 1858 5750 inimicorum.
