4110 6310
263 301 318 362 ite
829 299 872 359 ltu
892 297 1093 360 ssdcdoddtt
1112 299 1334 360 testitudine

230 437 335 504 illaesa
352 437 389 501 lt
402 436 522 504 uidetur
547 437 656 504 trustra
683 433 814 504 letarum
828 433 980 516 judicium
994 453 1003 512 ;
1017 433 1046 496 sl
1094 435 1227 498 temlom
1246 432 1420 508 volumnus,
1434 447 1513 511 auae
1528 432 1639 494 electio
1653 448 1671 494 n
1685 431 1751 496 sula
1764 429 1867 494 anima
1891 443 1965 508 pro-

184 523 249 602 jam
264 527 339 584 sunt
353 520 470 587 redditu
486 523 632 599 praemia;
647 519 723 599 quid
739 519 821 582 anim
851 519 964 591 reiert,
982 519 1047 582 sinc
1092 519 1190 584 aedit.
1207 524 1238 578 et
1251 517 1282 580 in
1299 518 1364 580 suia
1378 516 1476 578 aalma
1493 515 1600 578 sedem
1615 514 1720 578 habet.
1736 513 1811 576 Dico
1840 515 1933 575 tertio
1951 559 1959 578 .

186 605 300 683 palam,
313 604 378 675 siae
393 605 473 666 amm
489 604 605 667 reddita
619 604 681 666 sint
696 601 712 664 i
1096 601 1214 664 etiamsi
1231 602 1352 662 errimus
1364 606 1395 661 et
1410 616 1523 678 eorpus
1538 614 1636 678 neque
1653 597 1862 676 principaliter
1885 611 1963 656 coe-

230 687 423 765 ttespnndca:
438 685 504 750 ilua
519 686 576 748 erit
591 686 712 748 trustra.
746 684 828 748 Sunt.
849 685 931 746 enlm
954 682 1050 762 nuin-
1098 690 1223 748 ettrrent
1237 685 1273 744 ad
1290 699 1382 760 opera
1397 682 1477 744 irum
1493 689 1523 743 et
1537 681 1629 756 mala,
1656 686 1756 742 tamea
1771 681 1872 745 adhuc
1897 694 1963 740 neu

184 784 249 846 oue
274 784 413 842 caussae,
441 768 480 832 ob
495 785 573 848 quas
595 766 646 830 liet
658 766 810 850 iodicium
825 766 993 846 generale,
1010 771 1054 828 et·
1100 765 1344 846 asselinjustum
1361 767 1500 828 coronant
1516 766 1648 826 animam
1659 769 1730 824 ante
1741 762 1823 824 diem
1835 760 1960 840 judicii,

185 851 276 914 iamsi
293 851 497 929 praecesserit
509 848 660 930 judicium
676 847 973 929 partieutsretrlma
990 854 1048 918 est,
1101 857 1132 912 ei
1147 866 1207 912 non
1221 865 1334 926 carpus
1347 849 1416 927 quin
1433 848 1531 912 anima
1547 851 1689 926 separata·
1712 861 1805 918 capax
1821 851 1868 904 est
1893 843 1961 920 gin·

188 939 223 996 ut
237 934 417 998 ostendatur
431 933 485 994 liei
497 932 614 1012 iustitia
649 939 690 996 et.
706 932 929 994 misericordia.
945 930 1051 994 Omnia
1099 935 1161 994 riae
1174 941 1204 994 ei
1216 947 1373 1002 catenae,
1392 944 1505 1012 cerpus
1521 936 1622 992 autem
1637 934 1810 1006 separatum
1827 942 1888 988 nun
1912 932 1962 988 est

187 1019 273 1076 enim
290 1013 1052 1094 Deusiaeitproptergioriamsunurdemunstran·
1098 1031 1205 1093 capax.
1351 1006 1353 1014 ’
1400 1059 1401 1062 ,

185 1100 280 1166 dam.
308 1097 365 1162 sed
396 1105 496 1160 inmen
521 1113 603 1160 nuno
633 1113 693 1162 nnn
709 1098 750 1160 ita
779 1103 884 1174 aperte
896 1095 1050 1166 ostendii,
1140 1099 1183 1160 ltu
1201 1094 1322 1158 tertium
1336 1094 1490 1156 dieuduo.
1507 1094 1619 1156 trimo:
1636 1091 1747 1156 Christi
1763 1091 1894 1154 animam
1907 1107 1961 1152 an-

192 1180 266 1257 auin
281 1179 492 1253 inveniantur,
509 1183 560 1259 qul
577 1179 672 1245 Deum
690 1179 857 1259 injustitiae
884 1184 1051 1247 anausoni,
1099 1185 1128 1242 te
1144 1182 1399 1242 resurrectionem
1414 1178 1553 1256 corporis
1565 1178 1612 1242 sui
1627 1193 1687 1237 aun
1699 1173 1961 1252 ascendissequi·

191 1263 240 1326 nei
261 1264 377 1328 nuliam
393 1264 507 1328 habere
522 1277 597 1326 cum
608 1262 828 1340 providentiam
841 1263 1051 1338 credantssnum
1100 1263 1168 1324 deur
1184 1263 1221 1323 ad
1238 1263 1359 1324 coetum
1375 1277 1568 1337 corporeum,
1586 1268 1686 1320 tannen
1703 1257 1800 1319 inisse
1826 1258 1856 1318 in
1873 1273 1960 1335 para·

191 1346 314 1413 rirteaat
328 1344 431 1410 banos
445 1341 551 1423 affligi,
569 1346 667 1410 malas
689 1346 847 1424 gauder03
871 1345 942 1406 ideo
970 1343 1053 1404 Deus
1099 1346 1167 1406 diso
1180 1345 1308 1406 coelesti
1323 1343 1499 1405 formaliter.
1516 1343 1707 1418 idest,luisse
1720 1341 1836 1402 beatrnn
1850 1347 1881 1400 at
1895 1339 1960 1415 glu-

192 1429 286 1507 elngii
301 1427 469 1492 stilianum
485 1429 580 1501 diem,
595 1429 627 1490 ia
651 1443 714 1506 que
739 1433 920 1490 enneminta
937 1425 1052 1488 mundo
1099 1429 1224 1504 riosnm3
1241 1427 1324 1504 quod
1341 1425 1370 1488 'ei
1385 1427 1444 1488 hoe
1459 1421 1593 1489 tribuere
1608 1425 1725 1486 retient
1751 1424 1916 1484 aduersarii
1929 1439 1960 1480 a·

185 1511 332 1575 ostendat
363 1525 514 1574 summanr
536 1526 622 1574 suam
650 1510 800 1590 justitiam
825 1509 856 1572 in
872 1510 1006 1589 impius,
1023 1515 1054 1568 et
1100 1510 1241 1572 rriuubus
1256 1517 1455 1578 sanctorum,
1478 1525 1540 1570 nna
1557 1523 1699 1582 essemns
1728 1509 1854 1568 aralium
1871 1504 1957 1565 solii·

192 1591 603 1658 summam'misericurdiaur
616 1593 645 1654 in
663 1591 742 1670 pios,
762 1600 793 1656 et
807 1592 899 1654 simui
912 1591 1054 1656 nstandai
1098 1593 1149 1654 citi
1166 1594 1204 1655 de
1219 1595 1307 1654 cocio
1318 1591 1622 1668 isieoorporeo.ilieo
1637 1590 1787 1652 secunde:
1803 1587 1959 1650 Christum

192 1692 229 1742 se
244 1691 315 1740 eum
329 1691 449 1740 semma
461 1674 670 1738 misericordia
687 1691 757 1753 erga
771 1675 884 1755 justus,
911 1675 993 1736 nulia
1010 1673 1053 1734 uti
1096 1676 1269 1744 moriendo,
1286 1675 1488 1751 quiescendo,
1513 1674 1704 1752 resurgendo
1734 1675 1764 1732 et
1788 1669 1960 1732 ascenden·

187 1757 380 1828 erudelitate.
400 1759 446 1820 tei
460 1757 606 1836 iniustitia
620 1758 650 1818 in
665 1759 787 1835 impius:
805 1763 835 1819 et
849 1773 920 1820 eum
934 1772 1051 1820 summa
1095 1760 1134 1821 do
1151 1759 1180 1820 ln
1205 1758 1325 1820 eoelum
1351 1757 1452 1819 luisse
1478 1749 1633 1833 exennplar
1649 1758 1787 1816 nostrum
1814 1759 1961 1830 quantum

186 1842 352 1904 serenitate
368 1855 440 1918 erga
456 1839 569 1918 impius
594 1841 677 1902 nulla
690 1841 732 1902 uti
749 1841 931 1917 acceptione
948 1855 1052 1918 perso
1094 1841 1130 1902 nd
1148 1856 1333 1918 eorpusmas
1348 1840 1430 1900 enim
1447 1841 1544 1918 primu
1558 1837 1857 1904 murmurmurmur
1873 1833 1960 1912 quic·

187 1940 309 1996 parurn,
326 1923 375 1986 nel
390 1920 496 1999 inique
513 1922 694 2000 liberalitate
711 1938 782 2002 erga
800 1922 879 2000 pius.
1100 1923 1216 1986 seimus
1232 1927 1263 1984 in
1280 1923 1459 1999 sepulchro.
1477 1922 1564 2000 tertia
1579 1935 1790 1998 resurgemus,
1805 1918 1913 1978 ultimo
1929 1933 1960 1976 a·

230 2005 372 2068 Sananda
387 2021 495 2068 caussa
511 2011 604 2068 estet
615 2004 891 2067 emrldceturdlius
906 2003 1053 2079 hominis3
1098 2008 1286 2068 scandamus
1301 2000 1332 2068 in
1344 2005 1465 2066 coelum
1482 2003 1692 2082 corporaliter.
1719 2001 1798 2062 sieut
1819 1999 1959 2062 Carisius

190 2089 347 2166 pertinent
360 2087 443 2152 enlm
460 2087 498 2148 ad
513 2087 640 2166 pieriam
657 2087 780 2156 Christi,
794 2094 827 2149 ut
841 2088 892 2164 qui
909 2088 938 2148 in
956 2087 1055 2164 primo
1095 2088 1179 2150 iecit.
1198 2087 1283 2160 Quod
1299 2093 1399 2149 auteur
1416 2086 1526 2162 Cirristi
1539 2085 1637 2148 anima
1651 2083 1849 2146 descenderit
1860 2083 1897 2142 ad
1915 2083 1961 2140 in·

187 2171 322 2236 adventa
335 2176 513 2246 „tamquam
528 2183 600 2232 reus
613 2169 729 2250 injuste
740 2169 897 2248 judicatus
912 2177 981 2242 est,
1000 2171 1055 2230 ite·
1096 2170 1190 2240 ieros,
1207 2171 1386 2250 priusquam
1411 2170 1595 2232 ascenderet
1615 2169 1648 2229 in
1664 2169 1796 2240 coetum,
1813 2182 1875 2228 anu
1891 2180 1960 2243 per·

189 2269 258 2318 rum
275 2258 420 2332 appareat
445 2252 598 2332 gloriosus
623 2259 655 2316 ei
665 2252 780 2333 judea,
798 2257 830 2314 et
844 2253 1006 2330 impleatur
1020 2251 1055 2312 ii·
1096 2253 1173 2316 tinet
1188 2255 1225 2314 ad
1240 2254 1409 2338 exemplam
1427 2266 1487 2313 aon
1510 2253 1592 2318 enim
1623 2249 1762 2312 Christus
1789 2249 1828 2312 ad
1843 2247 1960 2308 interos

197 2337 250 2396 iud
266 2333 365 2396 Isaiae
381 2333 431 2410 ld.
454 2335 524 2396 vivo
553 2350 610 2412 epe
628 2381 635 2409 ,
653 2335 734 2414 uncia
760 2335 842 2398 milri
866 2333 1054 2396 comeditur
1098 2335 1271 2405 deseendit,
1289 2336 1427 2406 ulnulas
1441 2337 1518 2395 niam
1535 2333 1572 2395 ad
1589 2333 1705 2394 inieno‘s
1719 2333 1955 2393 demonstraret

191 2431 288 2481 omne
301 2432 401 2494 perra,
419 2419 500 2495 qued
517 2416 630 2480 Paulus
642 2416 730 2480 Rom.
748 2416 798 2479 ll.
821 2418 860 2480 de
876 2417 996 2480 (inrisio
1004 2417 1052 2495 ju·
1098 2419 1145 2480 rel
1164 2425 1196 2479 ut
1210 2417 1252 2480 liri
1267 2426 1388 2497 pararet
1403 2417 1493 2479 nobis
1508 2418 1620 2489 iocum,
1631 2415 1686 2477 sed
1703 2421 1735 2476 ut
1748 2411 1962 2490 animaequae

192 2500 332 2562 dicatum
345 2498 481 2576 exponit.
960 2509 965 2518 “
1018 2555 1020 2560 .
1099 2501 1142 2563 ilri
1164 2506 1261 2570 erunt.
1278 2502 1489 2572 educerei„ae
1505 2501 1659 2561 internum
1674 2497 1857 2568 destrueret,
1875 2507 1915 2556 ue
1931 2510 1963 2554 a·

235 2581 334 2644 ‘lertio
350 2587 408 2655 est,
422 2581 459 2644 ud
476 2581 599 2644 laudem
614 2581 776 2653 benorum,
791 2581 990 2661 ignominiam
1003 2597 1054 2644 ne·
1099 2587 1180 2645 nima
1196 2583 1541 2660 sauctorumdeinccpa
1556 2593 1592 2642 ec
1608 2581 1845 2643 deducerentur.

194 2680 228 2732 ra
242 2665 407 2731 maturum.
422 2663 584 2728 l'uiicnim
599 2664 694 2730 deas.
710 2671 744 2725 ut
758 2664 923 2740 sanctioni
941 2665 971 2726 in
988 2679 1054 2726 uer·
1073 2725 1076 2730 ,
1140 2667 1184 2728 ld
1206 2671 1341 2746 quartam
1359 2668 1602 2742 radonemnune
1618 2662 1844 2726 sumebaturex
1859 2673 1961 2740 poena

193 2745 360 2810 luminibus
375 2745 440 2812 sais
452 2745 662 2824 spectaculum
678 2745 749 2810 laeti
773 2754 845 2810 sunt
859 2748 985 2818 inundo,
1003 2763 1055 2806 an·
1099 2747 1295 2815 daemonnm.
1314 2747 1678 2826 respondeo,dacmunes
1694 2745 1806 2806 multos
1822 2743 1961 2805 nundum

194 2829 273 2908 aclis
302 2835 333 2892 ct
348 2825 537 2893 huminibus:
554 2829 600 2893 sie
612 2830 702 2892 etlam
718 2845 820 2892 eoram
837 2835 898 2892 toto
914 2828 1054 2902 mundo,
1100 2847 1172 2894 esse
1187 2833 1347 2894 demersos
1362 2834 1394 2893 in
1409 2832 1566 2910 abyssum,
1582 2831 1637 2890 scd
1651 2829 1680 2889 in
1694 2843 1765 2889 nera
1782 2827 1841 2888 ime
1855 2831 1963 2888 nostru

196 2911 342 2978 amnibus
356 2911 476 2991 angelis
505 2919 536 2972 ei
560 2909 738 2976 hominibus
762 2911 893 2974 viatores
922 2927 1055 2988 pronun·
1100 2914 1269 2993 caliginoso
1281 2914 1393 2975 versari
1405 2915 1441 2973 ad
1455 2913 1702 2974 exercitationem
1716 2908 1885 2972 numinum:
1905 2922 1963 2968 un-

199 2995 330 3058 aientur.
349 2993 422 3058 ideo
437 2991 575 3064 Paulus.
603 2993 791 3071 ubicumque
819 2995 858 3057 de
880 2994 999 3073 jndicio
1014 2994 1059 3056 io·
1100 2993 1139 3058 de
1154 2997 1313 3073 apostolus
1328 2997 1364 3057 ari
1380 2994 1493 3075 Epiros.
1510 2995 1541 3056 2.
1558 3010 1613 3057 ens
1637 3001 1724 3056 uuest
1739 2992 1896 3072 principes
1911 3005 1963 3050 ae-

197 3079 312 3155 uuiiur,
328 3077 417 3140 istam
434 3091 574 3142 caussam
589 3075 698 3141 nilerre
712 3076 803 3150 solet,
831 3083 864 3140 ut
878 3077 1005 3140 Reman.
1023 3075 1054 3137 2.
1100 3079 1144 3140 ris
1159 3078 1469 3158 liujusliiirilomiuus
1484 3084 1584 3140 tomen
1598 3091 1705 3138 omnes
1717 3078 1885 3136 daemones
1897 3073 1964 3150 jaur

200 3159 270 3224 Car.
287 3157 319 3219 l.
333 3163 364 3222 et
378 3158 474 3222 allilia
991 3185 993 3191 2
1101 3177 1185 3224 nunc
1200 3161 1313 3239 puniri,
1330 3167 1390 3222 tam
1406 3175 1506 3240 poene
1528 3159 1642 3231 damni,
1670 3175 1759 3236 quam
1775 3171 1874 3236 poena
1890 3171 1962 3216 scn-

238 3240 346 3314 Quarta
362 3247 456 3311 estut
472 3246 552 3306 totus
565 3240 657 3302 homo
673 3238 874 3319 judicetur‚et
887 3239 1057 3319 praemium
1102 3259 1169 3320 sus3
1186 3259 1245 3304 nen
1263 3245 1344 3305 enim
1360 3242 1433 3305 sunt
1447 3242 1624 3304 hominibus
1640 3240 1796 3310 meliores,
1811 3247 1842 3300 at
1856 3245 1960 3299 iameu

196 3339 287 3388 suum
298 3321 523 3404 recipiatmune
536 3323 618 3386 enim
630 3324 858 3388 solumanimae
868 3321 1055 3403 iudicantur,
1102 3325 1261 3387 nominum
1277 3325 1438 3404 impiorum
1456 3327 1581 3404 spiritus
1594 3323 1656 3403 jam
1686 3321 1964 3385 demonstrauimus

202 3411 233 3470 θῑ
248 3411 365 3482 vitiem
381 3407 508 3490 proemii
523 3405 690 3484 recipiunt.
1101 3409 1187 3470 luere
1202 3423 1317 3486 poenas
1332 3410 1505 3487 gehennae,
1522 3423 1557 3472 uc
1571 3412 1822 3484 properassem
1837 3408 1964 3465 muetos

193 3551 196 3556 .
243 3487 365 3562 Quinta,
381 3490 452 3567 quio
469 3487 692 3554 nendumsunt
708 3485 792 3550 linita
817 3499 910 3566 opera
935 3487 1012 3550 buna
1028 3493 1059 3550 et
1102 3491 1241 3572 angelos,
1269 3490 1368 3570 quiin
1384 3490 1508 3553 ueritate
1536 3491 1706 3561 steterunt,
1736 3503 1775 3549 ex
1803 3483 1964 3563 evangelie

203 3572 281 3645 mala
297 3569 525 3652 detunctorum.
540 3569 744 3634 ddtrucenlm
769 3569 922 3634 liutherus
936 3571 1016 3634 male
1028 3587 1059 3632 a·
1102 3579 1222 3636 constet
1236 3573 1361 3652 semper
1374 3572 1479 3636 nidere
1492 3572 1600 3634 inulam
1618 3571 1684 3644 ilai,
1700 3586 1755 3632 eur
1777 3583 1839 3630 uun
1868 3568 1961 3628 eiiam

199 3653 245 3732 git
260 3653 487 3731 corrumpendo
503 3651 589 3714 libris
614 3652 678 3714 suis
695 3659 814 3720 mentes
842 3656 1012 3718 hominum:
1029 3659 1060 3716 et
1103 3671 1302 3736 consequens
1317 3658 1373 3729 sit,
1391 3661 1425 3717 ut
1438 3655 1539 3735 angeli
1564 3653 1700 3716 rebelles
1721 3650 1880 3731 ¹judicium
1907 3648 1964 3710 Dei

199 3735 348 3798 b.Prulus
362 3736 464 3800 adhuc
479 3737 559 3801 bene
574 3742 716 3812 operatur
727 3737 869 3815 exemplu
882 3743 912 3798 et
924 3735 1056 3814 seriptis,
1102 3739 1291 3800 sustineant?
1304 3738 1401 3811 Quare
1417 3746 1499 3799 recte
1515 3737 1593 3798 Beda
1607 3737 1637 3797 in
1654 3732 1874 3797 commentario
1888 3749 1917 3794 c.
1931 3731 1964 3792 3.

202 3819 233 3880 id
248 3817 330 3897 quud
345 3819 504 3896 eleganter
517 3817 643 3882 deducit
656 3817 786 3882 Basilius
801 3819 833 3878 in
848 3820 926 3882 libro
948 3821 987 3880 de
1002 3818 1059 3882 air·
1103 3825 1196 3898 episi.
1213 3837 1240 3883 s.
1255 3819 1360 3884 iacobi
1376 3821 1493 3890 scribit,
1510 3835 1706 3900 quocumque
1728 3821 1898 3878 daemones
1912 3829 1963 3874 re

202 3899 340 3980 glutinio,
357 3906 426 3962 anic
443 3900 589 3972 medium,
605 3915 643 3964 cs
667 3901 729 3964 illis
758 3901 860 3964 verbis
877 3903 906 3963 l.
923 3900 1055 3962 limatis.
1104 3905 1276 3972 illiniens
1297 3904 1413 3981 ubique
1438 3919 1523 3965 suum
1552 3901 1726 3981 gehennam
1753 3895 1964 3960 circumferre.

201 3981 452 4061 5.Qtratatotddm
463 3983 633 4046 homiaem
641 3984 958 4062 pecaeiumnniseeie
970 3987 1059 4058 euni,
1103 3985 1140 4048 lit
1151 4003 1178 4048 s.
1191 3985 1379 4066 Augustinus
1394 3984 1449 4047 tib.
1465 3986 1505 4046 de
1520 3990 1652 4062 corrept.
1666 3989 1697 4044 et
1709 3981 1889 4060 gratiamap.
1907 3979 1959 4040 til.

198 4064 431 4146 praecedentia·
444 4063 676 4144 adjudicium:
692 4068 852 4145 quosdam
863 4081 938 4133 uero
951 4065 1059 4128 scdse-
1104 4083 1139 4130 ae
1151 4087 1178 4132 s.
1194 4069 1326 4145 Prosper
1339 4067 1395 4132 liba
1413 4069 1442 4129 l.
1455 4068 1493 4130 de
1509 4067 1568 4128 nita
1580 4064 1823 4143 cunmrnptatlm,
1840 4062 1964 4125 deamo

202 4154 360 4228 muniar.
377 4149 451 4225 Quia
467 4149 559 4228 igiter
574 4154 646 4212 lunc
660 4147 805 4210 finientur
827 4163 921 4228 opera
936 4151 1012 4210 maia
1028 4151 1059 4210 et
1105 4167 1161 4214 nes
1174 4151 1237 4232 jam
1248 4150 1404 4232 judicatos
1418 4144 1457 4212 ac'
1468 4151 1600 4210 miseros
1614 4146 1740 4210 allectus
1756 4146 1880 4207 decent.

203 4231 432 4310 huruuua-adu
447 4229 569 4294 finietur
583 4229 718 4296 muudus
734 4277 742 4306 ,
758 4230 829 4294 idea
848 4238 930 4294 tunc
957 4231 1061 4294 ultima
1146 4232 1225 4296 Sunt
1244 4242 1345 4296 tamen
1361 4233 1446 4311 plura
1461 4236 1638 4294 sanctorum
1659 4229 1830 4292 testimonia
1848 4273 1857 4298 ,
1883 4241 1964 4304 quae

205 4313 320 4376 leretur
334 4314 498 4378 sententia.
689 4361 692 4370 .
1106 4314 1248 4380 ridentur
1262 4332 1403 4378 asserere
1419 4316 1585 4376 daemones
1612 4329 1672 4374 nan
1689 4327 1759 4374 asse
1775 4311 1966 4386 torquendas

245 4395 291 4461 tta
307 4395 687 4468 secundumdiuumutlam
700 4409 771 4459 esee
785 4395 1063 4478 injustitiamquod
1106 4413 1204 4477 poena
1216 4400 1378 4478 genennae
1393 4403 1461 4458 ante
1476 4399 1559 4458 diem
1572 4393 1689 4477 judieii.
1718 4393 1859 4457 destinas
1888 4391 1919 4452 in
1935 4407 1967 4451 a·

203 4477 325 4550 animus
339 4478 409 4540 sine
420 4476 755 4558 corporeheuiiliociur
770 4497 779 4557 ς
794 4495 865 4542 uam
880 4480 1001 4542 animus
1030 4484 1061 4540 et
1108 4482 1211 4560 pelag.
1229 4483 1258 4543 t.
1277 4486 1306 4542 et
1317 4477 1347 4542 2.
1364 4481 1488 4558 saepius
1503 4479 1796 4556 repetlt‚daemones
1808 4475 1870 4553 igni
1885 4489 1967 4536 senn-

206 4563 321 4639 eorpus
336 4575 397 4624 non
411 4561 556 4624 suntduo
567 4561 750 4639 supposita,
780 4562 888 4640 quales
916 4561 1075 4637 suntdue¹
1107 4562 1416 4642 piteruotrodendos‚
1449 4561 1585 4623 nendum
1613 4567 1713 4622 tannen
1743 4559 1882 4620 traditos.
1905 4555 1968 4616 lre·

201 4642 338 4716 sodales,
354 4643 394 4706 ita
407 4650 439 4707 ut
453 4644 505 4706 uui
520 4642 733 4724 flaiinjuriast
749 4647 833 4723 prius
845 4645 941 4708 ailam
955 4659 1057 4706 remu·
1108 4661 1204 4710 naeus
1221 4646 1275 4708 lib.
1291 4645 1322 4707 5.
1338 4648 1415 4707 ultra
1432 4645 1567 4706 mediana
1584 4690 1592 4718 ‚
1622 4643 1697 4704 dicit
1722 4640 1876 4704 diabolum
1892 4647 1966 4702 aute

204 4732 343 4805 neretum
372 4725 430 4790 sed
444 4732 516 4788 sunt
544 4741 641 4792 uuum
671 4725 865 4806 suppositum
895 4733 1011 4788 tautum
1026 4743 1062 4788 ex
1108 4728 1218 4789 Christi
1233 4729 1394 4802 adrentum
1409 4735 1575 4806 numquam
1597 4725 1831 4803 blasphemasse
1854 4721 1967 4788 Deum.

201 4807 323 4872 duabus
341 4807 479 4888 partibus
493 4807 724 4886 compositum:
754 4809 814 4872 lroe
842 4813 944 4872 autem
966 4825 1061 4871 unum
1105 4812 1187 4889 quod
1202 4810 1356 4888 ignoraret
1369 4810 1469 4872 adnue
1483 4825 1571 4872 suam
1598 4806 1822 4871 damnationem
1841 4851 1850 4877 ,
1878 4803 1934 4866 sed
1952 4821 1969 4864 a

202 4892 396 4970 suppositum
410 4891 524 4956 mauult
542 4893 715 4956 secandum
740 4892 864 4956 alteram
886 4897 1001 4970 partem
1017 4893 1062 4954 in·
1106 4895 1225 4956 dirrista
1238 4901 1268 4954 et
1282 4893 1427 4971 apostulis
1440 4893 1564 4954 tandem
1582 4890 1847 4966 didicisscipnanr
1863 4895 1964 4948 aeter-

204 4975 293 5036 terim
308 4973 508 5052 heariuuam
524 4974 695 5038 seeundum
711 4979 861 5048 neutram,
887 4980 918 5037 et
931 4973 1062 5054 preinde
1105 4993 1177 5039 uum
1194 4977 1252 5038 sliri
1268 4993 1338 5038 esse
1365 4981 1512 5053 paratum:
1525 4969 1622 5054 ‘quam
1639 4972 1823 5034 senientiam
1839 4969 1923 5032 idem
1940 4969 1967 5030 i·

208 5055 291 5118 nulla
307 5071 335 5118 er
347 5054 382 5119 ill
395 5056 520 5138 iniuriae
535 5057 649 5123 volanti
665 5057 746 5120 enim
777 5073 839 5120 nun
867 5056 899 5119 llt
923 5057 1035 5137 injuria
1051 5103 1061 5126 .
1106 5075 1237 5123 maneus
1251 5075 1267 5120 a
1282 5057 1402 5120 iustine
1417 5073 1452 5119 sc
1467 5059 1626 5135 accepisse
1653 5053 1816 5134 signiticat.
1830 5052 1970 5114 Eaedem

203 5138 261 5200 scd
276 5139 385 5200 lenires
396 5137 472 5202 ilice
486 5139 760 5214 seeundueiiaursi
775 5140 896 5212 animus
907 5148 1062 5217 etcerpus
1106 5139 1378 5220 tamquamiuslini
1392 5140 1532 5220 sequitur
1547 5135 1753 5202 ilecunnenius
1770 5137 1799 5198 in
1813 5152 1882 5211 cap.
1898 5138 1970 5196 uiti·

206 5221 267 5312 due
282 5223 569 5298 suppedaneum,
582 5229 683 5286 tamea
699 5223 800 5286 adhuc
814 5223 898 5286 nullu
914 5221 1002 5286 ieret
1017 5225 1061 5284 in·
1106 5240 1188 5290 mum
1204 5227 1319 5302 primae
1331 5221 1616 5302 Petuldplpinanius
1628 5223 1659 5282 in
1675 5219 1794 5281 haeresi
1807 5217 1969 5279 sethianu-

203 5303 284 5380 puria
300 5303 440 5380 corpori,
456 5305 530 5368 dam
544 5305 631 5370 satus
657 5306 777 5368 ruimus
802 5305 921 5381 beatum
939 5321 1007 5376 nam
1023 5305 1062 5368 ad
1105 5305 1323 5380 undosissimi,
1339 5307 1507 5368 daemones
1530 5321 1592 5366 nen
1620 5304 1710 5364 modo
1739 5303 1968 5362 damnationem

205 5398 298 5463 opera
313 5383 394 5447 laena
410 5392 441 5448 ei
454 5387 544 5460 mala,
559 5388 661 5456 aalma,
676 5387 1059 5468 cuaourritprrncipaliler‚
1103 5406 1188 5450 suam
1204 5389 1374 5467 ignorasse.
1387 5389 1442 5450 sed
1458 5389 1548 5448 etiam
1571 5388 1702 5450 satutem
1719 5399 1774 5462 per
1789 5381 1899 5444 carisii
1916 5387 1971 5443 erl-

205 5481 319 5562 eorpus
334 5467 434 5560 selum
448 5469 732 5540 lustru-antatium,
746 5471 887 5536 immund
903 5472 999 5550 ipsam
1012 5485 1060 5532 es·
1105 5479 1227 5534 rentum
1242 5487 1397 5550 sperasse3
1414 5473 1469 5532 sed
1481 5485 1550 5531 cunr
1562 5471 1710 5536 uiderent,
1726 5465 1801 5528 nihil
1816 5484 1832 5526 a
1847 5463 1972 5528 Christo

207 5558 337 5616 seutiam
352 5551 450 5617 nerlii
467 5557 498 5612 et
512 5551 663 5618 demeriti.
681 5570 740 5618 non
757 5554 978 5618 concurrituisi
993 5554 1060 5616 sols
1104 5569 1160 5632 pro
1172 5555 1372 5616 daemonibus
1385 5553 1464 5628 iteri,
1477 5557 1539 5613 lum
1555 5553 1677 5614 demam
1694 5552 1731 5610 de
1744 5549 1842 5624 salute
1854 5547 1972 5623 despe-

205 5633 317 5694 anima.
335 5629 479 5693 Consistit
493 5633 574 5696 enim
592 5636 732 5698 meritum
745 5637 966 5702 etdemeritum
982 5637 1012 5700 in
1029 5653 1061 5700 e·
1104 5643 1233 5712 russam
1245 5632 1971 5714 parhacreticusecumbtaspnemarecoeplsse.
