4080 6306
817 321 913 380 ttlttltt
933 319 1108 378 sttcdlttt's
1716 313 1766 368 itt

1 502 3 514 .
66 452 196 528 plorare
213 452 276 514 boo
289 455 400 526 cultos,
418 473 498 534 quus
512 455 580 533 ipse
596 471 655 518 nun
672 451 930 532 praenomina
977 451 1374 536 piomwdpotestaaueat
1388 455 1418 516 et
1430 452 1654 524 reddat,aoa
1666 444 1736 518 adis
1749 445 1838 524 piari

68 537 152 598 tides
167 553 204 598 ex
220 535 378 598 veruotiet
396 545 567 617 conceptu,
589 553 649 599 non
674 535 809 597 ostendit
831 538 930 604 satum
977 536 1228 613 adaoumdam:
1242 552 1311 602 aaa
1332 536 1421 602 emim
1443 527 1564 600 artam
1587 529 1697 596 nestris
1723 527 1835 606 imple·

67 617 194 694 placere
210 617 286 689 Deo,
304 635 381 698 quae
398 619 464 698 ipse
480 619 646 701 praecepit,
675 619 729 680 sed
746 618 932 698 etiamnunc
977 618 1062 680 bitis.
1802 673 1805 682 .

67 703 139 778 ipse
152 700 325 776 consuluit:
348 709 380 764 ct
394 719 471 781 quac
500 719 601 778 nepae
618 701 799 780 praecepit,
831 718 932 778 neque
1017 699 1119 764 Tertio
1134 748 1141 771 ,
1158 701 1240 764 idem
1266 701 1411 782 probatur
1435 699 1548 765 axillis
1574 695 1676 760 verbis
1702 693 1735 756 b.
1752 692 1837 757 Pauli

1 836 3 844 ,
66 782 241 854 consuluit,
267 785 322 846 sed
350 791 452 847 tamen
469 803 506 848 ex
531 801 566 850 se
586 782 666 846 bana
693 790 776 846 sunt:
805 782 836 848 ut
851 790 934 864 patet
979 783 1092 861 prioris
1104 783 1315 864 epistolae'ad
1332 783 1524 851 Timotheum
1539 797 1607 857 cap.
1617 777 1655 840 15.
1673 774 1727 845 ubi
1742 775 1781 838 de
1797 774 1839 838 ri·

1 917 3 929 .
67 881 107 926 ex
125 865 256 930 induitis
272 868 361 943 locis,
379 866 432 930 ubi
444 867 534 948 jubet
548 866 609 932 sibi
624 865 711 930 reddi
728 870 794 934 rata
821 874 933 947 sponte
976 866 1048 928 duis
1064 867 1248 945 quibusdam
1264 865 1351 930 dicit:
1369 866 1449 930 dam
1463 865 1652 930 tamraiotae
1663 858 1788 939 lambet
1800 856 1839 920 ba

69 949 165 1010 tacta.
564 999 567 1004 .
799 1005 801 1010 .
929 1011 935 1022 ,
980 947 1114 1018 cameto.
1129 949 1251 1013 nabere
1264 950 1376 1012 poterat
1391 996 1398 1016 .
1414 947 1564 1010 habentes
1579 941 1837 1014 damnationem,

261 1069 265 1082 =
977 1024 1840 1112 quiaprimamttdamirrltamtecemmtduolocoper

979 1117 1107 1190 primam
1134 1115 1226 1178 sidem
1252 1128 1361 1178 amnes
1391 1114 1517 1174 omnino
1543 1111 1749 1188 interpretes,
1776 1111 1840 1169 tum

379 1195 499 1262 caedi
521 1195 615 1260 xiil.
636 1245 638 1252 ,
979 1197 1096 1270 Graeci,
1112 1203 1175 1262 tum
1190 1195 1300 1269 Latini,
1314 1194 1490 1274 intelligunt
1502 1199 1603 1256 ratum
1619 1189 1836 1282 continentiae.

651 1285 654 1298 '
833 1329 836 1336 ,
979 1279 1110 1342 Sanctus
1124 1279 1312 1358 Augustinus
1329 1280 1359 1340 in
1376 1277 1486 1355 psalm.
1504 1275 1553 1347 lb.
1573 1271 1836 1351 Quidcstnuauit,

975 1364 1120 1441 primam
1131 1362 1228 1440 adem
1241 1363 1370 1428 irritam
1382 1354 1839 1438 scearamtooueruntet'oaa

1 1501 3 1510 ,
67 1444 143 1508 Non
166 1445 266 1524 (abac
289 1443 492 1508 Judaeomm
513 1445 685 1525 propriam
705 1450 781 1508 cota
802 1447 931 1524 locere,
978 1445 1206 1508 reddiderant.
1222 1445 1282 1508 Sed
1308 1444 1346 1506 de
1363 1443 1422 1506 troc
1437 1444 1504 1506 loco
1520 1440 1594 1502 inira
1621 1438 1691 1503 tuse
1705 1435 1838 1516 dissere·

1 1565 2 1586 .
115 1531 176 1592 sed
188 1543 264 1592 com
276 1526 889 1592 Gbmrtiaaiaetiamtdeesecommtmc.
978 1544 1058 1599 mus,
1076 1544 1157 1590 nuuc
1169 1527 1270 1590 solum
1285 1525 1428 1590 innuisse
1440 1520 1698 1588 subiciattimaia
1713 1533 1839 1598 auoque

979 1609 1152 1672 testimonie
1167 1616 1197 1671 et
1212 1616 1400 1688 argumento,
1417 1624 1495 1684 auae
1511 1599 1754 1688 proleremasad
1768 1617 1836 1678 pra·

978 1693 1111 1756 bendum
1137 1698 1203 1754 rota
1218 1692 1387 1756 monastica
1401 1706 1473 1754 esse
1488 1689 1570 1754 licita
1586 1737 1594 1764 ,
1609 1687 1671 1750 buc
1684 1683 1776 1748 edam
1792 1697 1839 1746 re·

1 1804 2 1809 =
67 1855 73 1866 ·
109 1774 290 1838 lleletlenda
305 1781 451 1838 uuuoest
465 1773 544 1838 Petri
560 1773 697 1856 llarlyris
712 1775 935 1853 sententiandi
981 1775 1050 1840 terri
1066 1781 1207 1870 possent.

66 1857 194 1920 :alibro
221 1858 260 1920 de
285 1857 362 1918 rotis
387 1864 418 1918 ct
432 1857 586 1920 coelibatu
612 1863 716 1920 cantra
746 1857 934 1922 Smitlraeum
1018 1856 1139 1931 Uttrmo,
1156 1863 1257 1920 volum
1275 1872 1336 1919 nan
1351 1859 1400 1919 cst
1411 1851 1601 1918 caeremonia
1617 1847 1838 1931 judaicomulla

65 1938 219 2002 adversus
234 1955 342 2002 omnes
357 1985 365 2008 .
382 1945 444 1999 tum
460 1939 650 2010 catholicos.
667 1945 730 2000 tum
747 1940 932 2017 haereticas,
978 1937 1183 2017 igiturcaussa
1194 1946 1239 2006 est
1253 1955 1307 2002 cur
1318 1937 1569 2006 salislndaets,et
1581 1949 1642 1998 nou
1655 1929 1837 1994 etlnmtlbri·

66 2023 173 2084 omnia
189 2023 316 2084 omuino
337 2028 404 2082 rata
421 2021 604 2084 Christianis
621 2022 796 2085 interdicit:
816 2023 933 2102 Quare,
981 2021 1090 2084 alianis
1105 2022 1197 2084 liceat
1209 2037 1332 2097 vaiicra:
1348 2037 1417 2090 nam
1436 2019 1467 2082 in
1484 2018 1591 2098 primis
1605 2013 1735 2078 rarendi
1751 2019 1837 2076 actus

65 2103 226 2182 inquitet
240 2105 327 2166 aliae
341 2107 566 2168 caeremoniae
578 2121 639 2184 per
654 2104 813 2170 cterarmn
825 2106 935 2170 sabia
978 2105 1043 2166 sola
1059 2111 1164 2168 mente
1175 2103 1279 2183 pertici
1295 2101 1543 2184 patest'lametsi
1557 2097 1637 2162 enim
1649 2107 1703 2162 ore
1715 2111 1838 2174 aurique

65 2193 120 2246 tae
133 2191 234 2262 auat,
250 2190 298 2250 ita
313 2193 343 2248 et
355 2187 494 2250 aoeeodi
506 2187 592 2250 ratio
608 2187 701 2250 debet
714 2188 882 2266 facessere.
900 2189 937 2252 a:
979 2203 1088 2249 rovere
1103 2189 1253 2262 solemus,
1272 2193 1372 2250 tamen
1396 2187 1486 2248 etiam
1501 2183 1570 2268 sine
1585 2181 1646 2244 alta
1675 2193 1749 2241 uoce
1765 2176 1837 2252 solo,

1 2315 3 2328 .
63 2269 158 2332 intra:
178 2267 284 2345 Quare
296 2277 416 2338 votum,
434 2270 506 2331 licet
517 2270 697 2349 antiquitus
708 2272 936 2348 potneritasai
978 2269 1081 2333 cordis
1097 2277 1180 2336 motu
1195 2276 1296 2332 rotam
1312 2269 1409 2332 emitti
1425 2273 1537 2346 potest:
1555 2261 1767 2328 caeremoniae
1782 2277 1833 2321 au·

64 2369 145 2426 esse,
163 2369 240 2414 cum
253 2353 299 2414 ad
313 2352 390 2432 lapis
405 2353 628 2416 cacremuniae
643 2354 827 2434 pertineret,
838 2357 934 2418 mado
979 2357 1039 2414 tem
1055 2368 1164 2416 omnes
1179 2369 1229 2416 res
1244 2359 1318 2415 sunt
1328 2351 1496 2415 exteriores
1511 2355 1542 2412 et
1555 2345 1771 2416 sensibiles‚ut
1786 2358 1840 2404 ao·

64 2435 244 2512 cupiosum
257 2437 312 2497 eet.
381 2513 384 2516 Ι
979 2440 1043 2498 tum
1058 2441 1118 2511 cst:
1134 2451 1194 2500 nou
1211 2434 1304 2514 igitur
1318 2439 1384 2497 rota
1413 2433 1451 2498 ed
1476 2427 1687 2495 caeremonias
1704 2471 1711 2500 ,
1728 2424 1783 2487 sed
1798 2425 1837 2490 ad

108 2516 194 2580 Haec
208 2516 359 2580 scatentia
373 2517 470 2594 prima
481 2516 630 2580 reletlitur
640 2533 677 2581 ex
689 2518 738 2580 ille
752 2518 934 2599 praedictio·
979 2517 1134 2582 internum
1149 2519 1264 2582 cultum
1280 2517 1446 2596 pertinent.
1463 2514 1595 2584 Deinde,
1609 2511 1681 2572 ticet
1693 2513 1757 2570 rata
1770 2523 1839 2570 cae·

64 2615 108 2660 ne
124 2647 133 2674 ,
150 2599 249 2662 isaiae
276 2598 324 2662 ld.
345 2597 452 2664 deterit
477 2615 552 2663 eum
565 2601 603 2664 in
616 2599 727 2664 trastiis
744 2608 773 2664 et
786 2603 933 2665 maneri·
978 2601 1134 2663 aemoniae
1149 2605 1266 2676 essent,
1287 2615 1348 2661 nou
1365 2598 1512 2663 contiuuo
1536 2594 1679 2674 judaicae
1704 2595 1836 2668 essent;

64 2681 127 2743 bas
142 2730 150 2755 ,
168 2688 281 2744 etoota
293 2681 453 2745 nocebant
477 2681 612 2747 Domino
628 2729 635 2755 ,
652 2690 682 2745 et
702 2684 835 2748 soluerat.
851 2679 934 2747 llaec
979 2685 1092 2750 multae
1106 2683 1188 2746 enim
1203 2688 1276 2745 sant
1289 2682 1504 2758 caeremoniae
1518 2680 1600 2742 omni
1612 2674 1772 2738 bominum
1785 2687 1838 2750 pe·

1 2817 2 2828 ,
62 2769 154 2826 euim
170 2765 208 2828 de
223 2763 404 2828 Christianis
420 2766 571 2842 praedicta
585 2781 699 2840 esses.
716 2765 931 2848 Hieronymus,
980 2768 1045 2829 nert
1062 2772 1093 2828 et
1107 2766 1191 2828 omni
1203 2764 1345 2846 religioni
1358 2766 1586 2836 commaneant
1599 2774 1698 2837 genua
1713 2755 1839 2820 lloatere

63 2865 93 2908 s.
110 2847 244 2927 cyrillus
259 2852 290 2908 et
304 2849 415 2910 caeteri
431 2864 542 2912 omues
555 2849 587 2910 ln
602 2849 821 2915 commentaria
837 2849 932 2932 trojus
978 2851 1015 2911 ad
1029 2849 1190 2924 arandum,
1210 2863 1318 2910 manos
1333 2847 1472 2910 attollere
1488 2891 1498 2922 ,
1521 2843 1642 2906 caelum
1670 2838 1810 2916 aspicere
1827 2883 1836 2910 ‚

0 3001 1 3004 Ἴ
63 2930 127 2992 loci
142 2930 338 3007 apertissime
353 2931 478 2992 docent.
979 2931 1108 2994 tundere
1123 2938 1243 3010 peetus.
1259 2929 1465 3008 Eidemque,
1495 2925 1567 2990 illae
1592 2925 1677 3000 solae
1692 2921 1837 2983 dicuntur

112 3011 297 3092 Respondet
309 3012 429 3092 ltartpr:
445 3013 529 3075 Haec
543 3013 668 3091 quidem
697 3014 736 3076 da
752 3011 934 3078 Christianis
978 3015 1101 3093 proprie
1114 3013 1256 3092 iudaicae
1271 3011 1483 3076 caeremoniae
1499 3057 1508 3086 ,
1535 3023 1614 3089 quae
1629 3005 1677 3067 ret
1702 3002 1837 3080 allapso

65 3093 142 3168 dici,
160 3095 217 3157 sed
234 3102 373 3172 perroto
390 3100 420 3156 et
436 3095 554 3158 hostias
577 3111 638 3158 non
653 3097 782 3178 intelligi
798 3113 866 3158 rcra
883 3114 934 3165 ruf
978 3104 1051 3160 sunt
1065 3097 1234 3168 institutae,
1251 3095 1298 3158 rel
1313 3093 1467 3158 Christum
1493 3097 1655 3153 venturum
1684 3083 1837 3179 signitica-

64 3184 265 3255 temerasque
280 3177 407 3250 hostiae,
422 3178 477 3240 sed
493 3178 608 3240 callum
623 3178 791 3257 spiritalem
805 3184 836 3242 et
849 3179 933 3242 elui·
977 3181 1062 3252 baut,
1076 3179 1216 3258 quumvis
1231 3184 1301 3240 aute
1315 3177 1450 3258 lloysem
1463 3173 1646 3255 coeperint:
1662 3174 1693 3232 ct
1707 3166 1837 3247 prolude

1 3299 5 3342 πὶ
63 3261 215 3322 silanum.
229 3258 307 3322 llicit
321 3262 416 3332 euim,
433 3259 556 3331 isaiam,
571 3278 641 3324 cum
653 3261 777 3325 iudaeis
791 3263 931 3338 toquere·
980 3261 1102 3326 Cbrlslo
1118 3261 1300 3324 adveniente
1316 3263 1527 3323 cessaverunt.

1 3349 2 3354 ’
64 3351 126 3414 tur,
144 3359 202 3422 per
216 3358 266 3412 aa,
282 3343 396 3420 ouibus
409 3349 479 3405 tuuc
491 3343 574 3404 Deus
589 3345 757 3418 colebatur,
775 3346 931 3423 explicare
1019 3345 1111 3407 Parra
1133 3337 1202 3406 'rota
1218 3359 1279 3406 non
1296 3348 1463 3420 coeperunt
1482 3339 1618 3418 alloyse
1632 3354 1641 3412 ;
1656 3348 1727 3396 nem
1741 3329 1835 3394 Jacob

1 3482 5 3493 ,
62 3427 204 3488 voluisse
219 3426 334 3486 cultum
351 3431 456 3504 postea
472 3425 605 3487 loturum
622 3444 631 3504 3
648 3443 709 3488 non
734 3427 816 3490 enim
842 3428 931 3494 aliter
975 3427 1146 3506 patriarcba
1161 3432 1270 3491 oetam
1283 3427 1379 3502 amat,
1396 3421 1660 3498 deposcerem-c
1675 3420 1838 3492 autequam

1 3510 4 3522 “
62 3509 204 3570 iudaeos
220 3509 431 3571 intellecturos
446 3508 554 3580 luisse:
571 3524 649 3589 quae
665 3509 857 3582 dicebantur.
974 3511 1097 3590 lloyses
1112 3515 1302 3582 nasceretur:
1319 3523 1420 3586 neque
1435 3512 1503 3570 rota
1514 3505 1552 3566 ad
1565 3501 1836 3592 christum-uentu·

1 3590 5 3604 '
105 3591 171 3652 Sed
185 3589 335 3652 reletlltur
348 3591 423 3652 baca
435 3590 633 3665 soluti03nam
648 3591 678 3652 iu
689 3591 796 3670 primis
812 3591 931 3655 etiamsi
975 3609 1043 3656 ram
1067 3590 1304 3672 significandum
1319 3589 1456 3652 institute
1481 3592 1565 3650 sont.
1582 3584 1659 3659 Quid
1684 3596 1766 3644 earm
1782 3577 1837 3674 bu·

1 3743 5 3758 .
65 3691 130 3736 non
148 3673 318 3738 babeamus
330 3674 456 3736 easdem
472 3673 599 3749 bestius,
614 3689 716 3754 oeque
728 3676 835 3736 eadem
852 3679 931 3749 tola,
976 3675 1050 3738 beat
1065 3691 1135 3736 cum
1151 3673 1270 3739 Christo
1291 3671 1420 3735 rerrtora
1434 3673 1499 3734 rota
1512 3668 1723 3750 jejuniorum,
1740 3668 1838 3726 contr·

63 3771 148 3834 auae
162 3753 273 3818 ludaei
289 3756 576 3826 incorruptionem
592 3756 619 3818 si
635 3758 717 3820 uultu
730 3756 928 3832 haberemus,
976 3756 1122 3830 aeoliae.
1139 3756 1407 3835 eleemosynarum
1433 3760 1464 3818 et
1478 3750 1617 3818 similia?
1637 3746 1699 3810 Nec
1710 3745 1838 3838 demum

1 3845 6 3856 '
66 3838 152 3900 mate
168 3838 371 3917 explicuisset
385 3836 481 3900 lsaias
503 3838 618 3900 cultum
644 3837 850 3902 christianum
877 3855 933 3917 per
976 3857 1046 3905 cum
1061 3840 1164 3919 lloyse
1179 3843 1351 3902 cessarunt.
1368 3836 1439 3898 Num
1456 3837 1529 3898 licet
1553 3834 1583 3894 in
1600 3829 1738 3894 Ecclesia
1753 3824 1838 3891 Chit-

0 3990 1 4007 2
68 3921 190 3984 hostias
205 3926 237 3982 et
250 3925 399 3998 rota3non
415 3921 497 3983 euim
513 3921 806 4000 expliceturaliquid
820 3923 930 3999 perid,
977 3923 1016 3986 sti
1031 3927 1101 4002 pasl
1125 3922 1275 4001 euangelii
1292 3921 1414 4000 plenam
1440 3915 1717 3998 promulgationem
1733 3925 1837 4003 cessa·

0 4008 1 4011 ’
68 4005 154 4080 auod
172 4003 259 4064 nullo
274 4003 366 4064 moda
381 4003 410 4065 et
425 4002 526 4065 simite
538 4001 825 4082 estmongemettus
837 4005 933 4084 expli·
976 4007 1055 4068 verit
1068 4003 1281 4077 circumcisio,
1298 4001 1446 4066 sacrillcia
1462 4001 1563 4064 orium
1579 4015 1613 4058 aa
1627 3996 1720 4059 buum
1736 3999 1767 4061 et
1780 3992 1838 4053 alra

68 4088 193 4148 auisset
206 4101 263 4165 per
284 4085 564 4156 eaxrtradictarium,
588 4088 614 4148 si
636 4087 781 4158 dixisset:
799 4086 868 4151 Nan'
880 4103 932 4150 co·
977 4089 1008 4152 id
1023 4103 1133 4168 genus,
1151 4093 1254 4150 amen
1268 4092 1333 4148 rata
1349 4099 1516 4166 numquam
1528 4083 1699 4146 cessarunt.
1713 4081 1746 4138 ut
1757 4079 1840 4170 petet

0 4242 1 4247 .
68 4167 272 4240 lentbcstiis,
289 4183 348 4230 nec
363 4175 428 4229 rota
444 4168 613 4244 rorabunt3
630 4174 703 4232 tunc
718 4169 800 4232 enim
824 4185 933 4246 amnes
976 4171 1026 4234 rel
1041 4171 1239 4234 exanclare
1254 4167 1351 4232 sancti
1376 4165 1561 4246 Augustini:
1577 4160 1730 4239 siquidem
1755 4173 1786 4219 ro
1802 4158 1837 4250 xl·

68 4251 302 4314 intellexissent
316 4250 432 4312 cultum
448 4249 572 4330 quidem
593 4252 727 4314 tutorum
746 4297 754 4326 ,
784 4253 839 4316 sed
870 4269 933 4314 nou
976 4255 1031 4317 lud
1047 4253 1157 4333 psalm.
1175 4251 1351 4332 ticianae
1372 4255 1402 4312 ct
1415 4249 1540 4314 reddite
1558 4293 1566 4320 ,
1582 4245 1629 4308 sic
1643 4241 1737 4306 aitde
1753 4238 1838 4302 Cbrr·

69 4335 175 4410 nantis
192 4338 264 4394 tunc
279 4333 517 4395 eret.Praeterea
529 4337 680 4411 expositio
696 4339 751 4398 ista
767 4335 846 4398 Patri
858 4336 933 4397 llar-
978 4337 1087 4400 stianis
1112 4335 1161 4398 soi
1177 4334 1335 4411 temporis.
1354 4331 1444 4396 Alica
1468 4336 1558 4394 oouct
1582 4329 1644 4390 lieo
1660 4324 1838 4420 castitatem

2 4465 3 4468 ,
68 4417 146 4496 tyris
163 4431 228 4476 aaa
244 4419 345 4494 potest
357 4415 491 4494 probari.
509 4415 566 4477 nisi
581 4422 756 4480 assumatur
769 4422 801 4480 ut
816 4425 934 4488 certum
978 4418 1200 4499 conjapatem,
1215 4423 1251 4480 ttt
1263 4421 1393 4494 praeter
1405 4426 1546 4478 amarem
1557 4427 1627 4474 aar:
1639 4407 1764 4470 mouerat
1779 4403 1838 4466 ali·

2 4482 8 4519 r
69 4501 111 4573 td,
132 4497 219 4576 quod
231 4504 278 4560 est
293 4503 322 4558 in
336 4499 528 4577 qrraestioue.
545 4497 618 4560 Nam
634 4499 659 4560 si
674 4508 759 4577 petas
771 4501 809 4565 ab
826 4497 934 4576 compr
979 4518 1046 4564 am.
1062 4499 1127 4563 Atii
1141 4501 1239 4562 etiam
1261 4503 1395 4572 nocent,
1419 4498 1478 4561 etsi
1501 4492 1629 4574 emperie·
1652 4490 1715 4552 tale
1730 4487 1841 4565 acaia·

67 4585 119 4644 xlta
136 4579 244 4643 rerba:
262 4579 338 4644 Vota
350 4579 546 4644 aoccbaatet
558 4579 848 4660 eotacmt,exponere
864 4582 936 4646 retit
977 4589 1090 4664 mam,
1107 4583 1195 4645 altra
1218 4580 1382 4645 nibiliola
1405 4581 1494 4658 pati,
1509 4576 1595 4642 mihil
1608 4574 1673 4637 tate
1688 4570 1839 4647 coucupi-

69 4663 285 4740 metaphorica
301 4663 413 4740 patius,
430 4679 521 4740 qoam
537 4666 673 4743 propria,
691 4665 767 4728 nibil
780 4665 865 4728 atiud
886 4681 935 4728 re·
977 4682 1076 4740 scere,
1093 4670 1152 4728 aat
1164 4666 1367 4734 scatiaereet
1380 4663 1446 4741 ipsi
1457 4664 1614 4724 acomoni
1629 4654 1756 4734 aliquid
1769 4666 1838 4713 ma·

69 4744 254 4826 spondebit,
272 4745 332 4808 nisi
346 4745 417 4824 auia
432 4745 555 4825 proprie
571 4747 681 4825 exponi
699 4763 760 4811 non
774 4753 905 4827 possunt
920 4793 929 4820 ,
972 4751 1144 4832 praequam
1153 4745 1283 4810 itttnlttt
1295 4746 1515 4824 cirpioitatem
1528 4745 1635 4822 ipsam
1649 4737 1689 4800 ab
1703 4737 1839 4798 ineunte

1 4900 8 4922 .
69 4845 141 4891 eum
159 4829 241 4908 apud
256 4825 446 4890 Christianos
461 4827 543 4890 nulla
557 4829 775 4893 essentiatum
790 4835 869 4892 rota.
896 4829 935 4892 at
980 4836 1085 4894 aetate
1098 4835 1223 4904 covent,
1238 4835 1274 4894 at
1287 4829 1373 4892 nihil
1387 4829 1450 4892 tale
1463 4827 1513 4889 oct
1527 4824 1839 4904 experientiamque·

2 4925 4 4938 *
70 4916 130 4976 troc
145 4916 208 4984 est,
223 4911 262 4972 do
276 4926 339 4990 aaa
358 4910 585 4976 contendimus:
614 4915 659 4974 ln
685 4912 849 4976 Christiani
871 4912 935 4976 sint
981 4915 1074 4978 teilti
1087 4913 1213 4992 areperti
1225 4917 1346 4986 santet
1358 4911 1604 4990 rotiqaeraaaet
1616 4904 1672 4968 isti
1684 4903 1841 4995 coemant

2 5063 6 5072 ,
70 5003 138 5058 rota
154 4993 391 5066 iacturi‚etcum
407 4993 462 5056 itte
477 5000 579 5070 nepot.
594 5011 651 5058 nos
664 5011 850 5070 asseramus,
864 4996 935 5073 auis
980 4993 1534 5077 ptartmnmltttvoceaxaomum
1547 4981 1844 5059 sacmessebaspe·

71 5095 134 5141 non
151 5077 238 5138 ridet
250 5075 378 5139 verbum
401 5075 455 5138 Dei
472 5076 562 5138 uobis
577 5077 689 5152 lavere,
704 5095 773 5140 cum
798 5079 838 5142 de
853 5077 937 5141 curt·
983 5080 1082 5144 tatem
1095 5078 1243 5144 ommam
1267 5078 1389 5141 sanatis
1404 5070 1650 5138 advenientiam
1663 5113 1672 5139 t
1687 5079 1845 5144 mmmmm

71 5163 184 5222 silanis
200 5160 291 5222 dicat:
312 5159 387 5222 tota
398 5159 557 5246 rorabant
578 5165 607 5221 ct
620 5162 752 5224 soleant.
982 5169 1093 5228 aotam
1105 5168 1229 5227 uocem.
1244 5159 1334 5225 altra
1349 5157 1636 5234 aooar,retmquerc
1646 5149 1759 5213 omnia
1770 5161 1844 5220 aaa,

112 5243 276 5310 Secundo,
294 5240 374 5302 idem
391 5241 535 5319 probatur
550 5259 587 5303 ex
599 5243 650 5306 itta
662 5243 873 5307 exhortatione
888 5259 936 5321 ps.
985 5245 1207 5310 distribuendo
1231 5241 1454 5322 pauperibus.
1476 5243 1506 5301 et
1518 5240 1568 5302 ire
1591 5237 1629 5298 ia
1643 5245 1846 5296 communem

1 4730 9 4773 l

74 5327 123 5388 li.
142 5327 254 5388 t'oacte
268 5325 431 5387 etredditc
442 5323 579 5388 Domina
592 5325 653 5388 lieo
674 5331 775 5390 oestro
791 5333 849 5390 cte.
867 5334 939 5387 taru-
985 5331 1096 5404 piloni,
1113 5329 1151 5390 ire
1163 5328 1347 5390 sacietatem
1360 5327 1558 5396 sanctorum,
1566 5331 1726 5400 mappam
1737 5319 1847 5376 aotam

71 5410 128 5472 etsi
153 5407 942 5488 euimPctrasllortyrcontendat,hxactudacis
986 5403 1264 5474 adsuitllacoillc.¹
1624 5407 1626 5420 '
1792 5478 1798 5490 ⁸

74 5499 196 5554 tantum
212 5490 405 5562 dictamen
423 5491 513 5568 lanae
537 5491 621 5550 atiud
639 5494 752 5574 docent
773 5491 871 5554 sancti
888 5492 941 5554 ltu·
1028 5497 1072 5556 Ac
1087 5507 1124 5560 ne
1137 5489 1468 5568 lartercspoodeatar,
1484 5483 1615 5552 rotondi
1627 5494 1851 5572 caeremoniam

73 5584 148 5648 tres,
162 5591 200 5636 ex
214 5573 330 5652 ouibus
346 5571 570 5652 bdugastinus
583 5573 665 5634 lrona
682 5577 781 5636 lacum
798 5576 836 5636 ita
854 5591 941 5638 cnar-
989 5593 1060 5641 csse
1068 5577 1139 5655 iure
1154 5575 1344 5650 abrogatam,
1361 5572 1416 5634 sed
1430 5585 1494 5636 ‚nan
1509 5568 1598 5642 lacto,
1615 5585 1650 5630 ac
1664 5580 1724 5628 nou
1737 5561 1849 5624 detors-

1 5647 13 5776 ἰ
72 5667 129 5735 rat,
149 5655 373 5732 conludium,
398 5655 461 5718 sod
477 5655 659 5722 Ctrristlanis
674 5657 829 5736 loquens:
855 5658 942 5734 ditm·
990 5678 1023 5724 sc
1040 5661 1091 5740 qui
1108 5659 1255 5732 rouertnt,
1266 5655 1329 5720 ‚sod
1345 5671 1399 5720 eos
1414 5651 1539 5728 iecisse,
1557 5649 1637 5730 quad
1651 5643 1847 5712 continebat:
