4086 6296
272 359 326 416 298
970 359 1013 418 DE
1035 358 1208 420 dutiacttts

196 491 309 554 dinem
327 494 518 570 declinans,-
534 507 614 556 nam
627 508 732 574 neque
757 495 794 557 in
810 496 917 558 uicum
930 495 1057 562 ullrtm.
1108 495 1183 558 telis
1197 493 1387 573 passionum
1403 493 1519 558 utram·
1531 495 1669 573 linctus,
1681 511 1779 577 quem
1790 497 1859 575 ipse
1875 513 1892 556 e
1908 499 1971 557 ter·

195 591 302 655 neque
325 579 363 640 ia
373 577 507 651 urbem,
524 591 629 656 neque
643 579 680 640 in
695 593 900 640 communem
914 578 1059 658 aliquem
1105 595 1146 640 ra
1162 579 1207 640 ad
1221 577 1351 640 Patrem
1366 578 1479 656 desert:
1494 581 1662 658 retipionie
1677 627 1685 650 ,
1710 580 1861 658 inquom.
1879 579 1966 640 citri·

195 658 343 721 uirorum
357 667 481 722 ecetram
496 659 707 721 commeabat.
725 659 761 720 Hi
779 660 855 722 inira
866 679 878 724 ¹:
896 660 1057 738 Repente,
1104 662 1233 723 alianae
1246 660 1406 734 columen,
1420 661 1536 739 populi
1563 663 1671 734 dcem,
1697 664 1815 724 mnndi
1841 663 1966 738 stenda-

197 741 307 820 inquit,
323 744 442 815 isaacio,
452 744 542 804 mode
556 757 578 803 a
593 741 724 805 latebris
739 734 928 806 solitudinis
943 745 1058 821 prodo·
1103 751 1260 814 mentum,
1277 758 1351 805 eam
1365 742 1550 806 eoclmtibaa
1575 743 1873 823 pauttmadinibas
1902 745 1966 804 cle·

193 831 326 897 utitem,
343 831 456 903 etpost
469 825 746 902 praedicationem
764 841 880 888 rursus
893 827 931 888 in
944 825 1055 888 solitu·
1106 827 1223 905 pontia
1235 827 1469 904 propemodum
1485 832 1623 890 calam.

194 907 329 970 dine-ru.
347 915 376 970 el
391 908 528 970 latebras
554 908 775 984 recedentem,
791 908 862 970 sine
877 907 945 970 cibo
961 953 969 980 ,
985 909 1057 971 sine
1144 907 1332 986 Epiphanius
1345 909 1375 970 in
1391 909 1619 986 compendiaria
1635 909 1785 982 doctrina,
1802 909 1883 971 inter
1898 925 1934 970 aa
1956 956 1962 970 .
2031 925 2032 960 t

193 995 284 1066 putu.
303 989 530 1054 abhorrentem
545 1007 568 1051 a
582 991 805 1060 mullitudine,
821 993 935 1054 merito
951 989 1056 1053 obslu·
1102 1007 1180 1067 uuae
1197 992 1226 1050 in
1243 989 1380 1052 Ecclesia
1395 993 1544 1054 eritboliea
1560 1000 1720 1054 serrantur
1741 993 1810 1056 sine
1836 1007 1965 1070 praere·

190 1073 374 1148 pascebant,
392 1081 422 1134 ct
434 1089 477 1137 ne
492 1073 655 1135 bominem
669 1074 802 1153 quidem
815 1074 910 1137 mnae
924 1089 990 1136 csse
1002 1089 1054 1136 ar·
1101 1079 1165 1151 pto.
1182 1074 1279 1149 primo
1294 1074 1362 1134 loco
1373 1075 1460 1152 penit
1473 1075 1688 1154 virginitatem,
1704 1075 1843 1138 seeundo
1854 1075 1963 1136 solitu-

194 1154 412 1219 bilrabentar.
1101 1155 1231 1226 dinam,
1254 1155 1369 1235 quibus
1388 1157 1530 1236 adjungit
1541 1158 1755 1220 abstinentiam
1771 1157 1960 1224 acarnibus,

234 1237 436 1318 Hieronymus
452 1239 482 1300 io
499 1241 590 1320 epist.
609 1237 639 1299 i.
653 1237 689 1297 ad
707 1237 882 1302 Rusticum:
897 1239 1052 1311 ioannes,
1100 1241 1176 1312 cris,
1195 1238 1345 1316 piscibus,
1363 1245 1391 1300 et
1420 1240 1458 1300 ab
1474 1241 1542 1319 ipso
1567 1242 1658 1304 ciera
1689 1257 1766 1318 pane
1805 1246 1836 1302 et
1864 1240 1960 1306 rino,

195 1319 304 1398 innuit,
321 1323 470 1402 Baptista
482 1331 632 1386 sertatum
644 1317 759 1383 babuit
772 1319 1056 1399 matrempontili-
1103 1322 1186 1382 lrurni
1223 1321 1445 1396 debitionem,
1478 1323 1561 1386 saoei
1598 1324 1827 1401 gestationem,
1861 1327 1893 1382 et
1920 1323 1962 1382 si-

192 1403 300 1480 nisque
313 1402 400 1482 littra
414 1406 487 1482 luit.
505 1414 534 1468 el
547 1411 657 1468 tanen
670 1419 730 1466 nec
743 1407 849 1484 patris
862 1402 1053 1483 affectuose
1102 1404 1197 1466 milia.

189 1486 304 1548 motois
319 1489 435 1566 opibus
448 1489 638 1552 uincebatur
652 1535 659 1552 .
675 1489 711 1546 ut
723 1487 761 1548 ia
772 1490 867 1550 domo
878 1491 1053 1572 perentam
1142 1486 1379 1564 chrysostomos
1395 1485 1508 1564 passim
1525 1489 1680 1566 praedicat
1694 1488 1802 1549 laudes
1816 1486 1963 1554 eremum
2032 1526 2033 1530 =

190 1583 265 1630 retem
278 1571 424 1648 periculo
438 1573 557 1634 uiueret
571 1569 872 1634 intitulationem
885 1571 1051 1636 inmemo,
1097 1569 1526 1632 born.li.ioHattb.ubisic
1545 1571 1725 1651 ait:Siquis
1738 1569 1961 1634 nanoadlc·
2032 1585 2033 1608 ³

190 1659 219 1712 et
234 1653 336 1714 oeulis
351 1654 612 1718 desiderantibus
628 1651 787 1715 Christum
801 1651 1051 1717 nibiloliuddi·
1095 1654 1187 1732 eppei
1223 1653 1334 1714 caniat
1360 1653 1599 1726 solitudinem,
1630 1653 1788 1732 paradise
1823 1667 1962 1730 praestes
2032 1721 2033 1736 χ

188 1733 355 1810 pnobatar
369 1738 527 1815 aspicere.
543 1735 698 1800 accedant
713 1737 885 1798 testimonia
901 1751 993 1812 supra
1008 1735 1051 1795 ei·
1096 1750 1225 1797 ornnem
1247 1735 1341 1797 illam
1366 1751 1509 1798 memsam
1541 1737 1661 1800 uidebit
1692 1736 1899 1814 dipniercm.
1931 1739 1961 1792 ct

189 1823 274 1886 tata,
306 1837 385 1897 qrrrre
413 1819 561 1883 ioannem
591 1813 787 1884 cremitarum
817 1818 987 1897 principem
1010 1817 1049 1878 ln·
1093 1819 1283 1882 innumeros
1297 1819 1488 1896 anpelmum
1502 1819 1615 1882 cnara
1633 1821 1672 1882 in
1696 1819 1883 1897 cerporibus
1897 1817 1962 1894 lal-

189 1899 286 1960 cinnt.
1091 1916 1166 1976 pere
1187 1901 1376 1970 mortalibus
1402 1909 1460 1964 cte.
1488 1901 1603 1964 Similia
1633 1902 1724 1966 babet
1752 1903 1836 1962 bom.
1852 1900 1905 1962 bit.
1929 1907 1961 1960 et

227 1981 294 2044 Jnrn
311 2000 381 2046 tero
406 1984 445 2046 de
465 1985 593 2048 ioannis
609 1995 715 2054 resta,
733 1984 814 2063 quad
832 1999 892 2045 non
909 1981 997 2044 luerit
1013 1998 1050 2042 en
1094 1981 1145 2044 lb.
1161 1983 1192 2044 in
1215 1984 1319 2053 Hatra,
1347 1989 1377 2045 cl
1403 1985 1486 2046 liam.
1516 1985 1564 2046 li.
1581 1987 1610 2046 in
1638 1986 1771 2064 priorem
1796 1985 1833 2044 ml
1858 1981 1961 2042 Timo·

186 2081 301 2138 panno,
317 2083 374 2128 nea
390 2069 452 2129 ullo
468 2070 558 2130 modo
575 2073 678 2133 mollis
707 2085 742 2128 ae
757 2067 899 2130 delicata.
917 2071 999 2142 patet
1012 2081 1048 2126 ex
1096 2065 1212 2128 iheum.
1423 2107 1432 2116 -

187 2147 249 2208 iltis
264 2149 367 2212 rerbis
383 2150 503 2211 Domini
519 2151 624 2215 Hatita.
648 2156 698 2217 il.
718 2148 802 2225 Quid
815 2150 928 2212 sociatis
941 2149 980 2209 in
995 2148 1048 2209 de·
1137 2148 1341 2227 Hieronymus
1357 2148 1387 2210 in
1403 2151 1569 2226 epistimi
1586 2149 1795 2212 Heliodorum:
1815 2147 1961 2210 Odeser·

185 2237 308 2294 sertum
321 2234 452 2297 ridere?
465 2234 629 2299 bominem
642 2233 793 2299 mollibus
806 2233 1050 2294 uestitumtcecc
1094 2235 1173 2306 lam,
1192 2231 1301 2306 inanit,
1320 2231 1435 2294 Christi
1447 2233 1582 2312 pleribus
1596 2248 1751 2298 uernans.
1768 2246 1786 2292 o
1801 2231 1961 2298 solitudo,

187 2315 246 2388 otti
260 2315 410 2378 mollibus
424 2319 607 2382 vestiuntur
620 2321 658 2383 in
672 2316 820 2382 domibus
834 2331 948 2395 sepum
961 2317 1049 2374 stent.
1093 2313 1131 2375 io
1147 2329 1213 2393 qua
1227 2314 1278 2375 illi
1290 2321 1473 2378 noscentiae
1487 2315 1626 2395 lapidea,
1643 2317 1683 2378 de
1698 2311 1815 2393 audies
1829 2315 1869 2376 in
1881 2329 1961 2389 apo·

186 2393 1048 2478 Hodednryscstomushnm.t0.inHattb.dicitioan·
1097 2395 1222 2477 eclypsi
1236 2397 1348 2458 aindas
1362 2399 1571 2476 mannirepia
1587 2400 1964 2468 castratae-,acrensis
2033 2397 2034 2408 ¹

184 2477 234 2538 nis
263 2487 378 2542 restem
406 2485 635 2561 compunctioni
662 2491 693 2546 et
713 2479 918 2563 poenitenliae
931 2493 1050 2540 accom—
1093 2479 1295 2554 familiarius
1308 2478 1372 2542 lieo
1387 2527 1395 2550 ,
1411 2483 1559 2558 pandens
1578 2486 1635 2544 etc.
1652 2481 1736 2542 idem
1763 2479 1794 2540 in
1810 2478 1904 2557 epist.
1921 2480 1961 2538 ad

184 2561 337 2624 modulam
351 2563 459 2628 luisse.
476 2573 507 2626 et
522 2565 636 2630 ibidem
652 2569 712 2638 nil,
728 2565 825 2627 luisse
841 2563 994 2624 cilicinam
1012 2561 1048 2622 ad
1095 2561 1294 2624 Eustochium
1310 2562 1349 2624 de
1366 2565 1500 2643 virginit.
1516 2564 1613 2636 dieii,
1630 2579 1707 2632 aas,
1724 2562 1776 2641 qui
1792 2577 1830 2622 ex
1845 2574 1960 2621 caeno·
2033 2559 2034 2628 1

181 2643 288 2705 mnndi
316 2654 526 2724 contemptum
542 2649 752 2727 indicandum.
775 2648 906 2708 Sanctus
921 2659 1046 2722 quande
1096 2645 1157 2706 biis
1182 2645 1218 2704 ad
1235 2660 1373 2708 eremum
1399 2653 1553 2724 tamquam
1568 2648 1606 2709 ad
1631 2647 1726 2709 eitam
1743 2645 1959 2721 perfectiorem

181 2724 356 2788 bernardus
383 2730 412 2791 in
430 2747 524 2792 serm.
541 2733 579 2794 de
595 2751 622 2796 s.
638 2733 756 2794 irronne
772 2730 914 2807 baptista:
939 2728 1047 2801 i'enil,
1095 2726 1282 2806 prologiunt,
1297 2727 1372 2790 nibil
1385 2745 1491 2792 seeum
1504 2729 1582 2792 lerrs
1594 2729 1632 2792 ad
1644 2729 1759 2800 eibum,
1777 2727 1834 2790 nisi
1848 2741 1962 2805 panem

182 2807 299 2885 inquit,¹
310 2810 454 2875 ioannes
469 2829 539 2877 non
554 2817 839 2882 manducansmce
855 2810 1051 2888 bibensplo·
1095 2814 1126 2872 ct
1141 2813 1248 2872 salem.
1604 2867 1606 2872 s

180 2907 222 2952 aa
236 2907 296 2954 nec
311 2897 461 2972 vestiens,
479 2899 562 2960 sieut
577 2900 666 2961 enim
679 2913 749 2959 non
764 2903 809 2958 cst
824 2896 948 2957 locuste
960 2893 1049 2955 dmm
1135 2891 1325 2970 Augustinus
1341 2894 1394 2955 lib.
1413 2893 1486 2956 lde
1502 2894 1640 2956 moribus
1653 2891 1813 2955 Ecclesiae
1828 2887 1958 2965 capsi.

180 2975 248 3036 nisi
280 2977 467 3054 aliquorum
495 2982 577 3058 sorte
605 2979 890 3043 irrationabilium
920 2977 1051 3039 animo·
1095 2975 1180 3036 miris
1196 2977 1339 3038 laudibus
1365 2976 1453 3038 eHert
1467 2977 1612 3040 eremitas
1627 2994 1635 3036 ι
1652 2975 1756 3047 Hibil,
1776 2973 1901 3049 innuit,
1918 2973 1961 3033 de

181 3055 285 3133 lium,
302 3061 348 3120 sic
362 3077 423 3122 nec
447 3063 534 3140 pilus
550 3065 668 3128 cameli
693 3063 866 3126 leontinum
891 3059 1049 3122 eslindu·
1092 3059 1134 3119 iis
1149 3059 1261 3122 dicam
1274 3060 1547 3138 proieceretissimi
1558 3061 1688 3138 pertitam
1701 3058 1741 3122 ab
1754 3055 1845 3118 omni
1856 3055 1962 3116 bomi-

178 3147 336 3203 incolum.
373 3144 454 3206 liaeo
486 3145 552 3207 itte.
580 3146 616 3206 Et
642 3163 697 3207 cnr
722 3161 837 3222 quaeso
869 3149 995 3204 sanctus
1017 3159 1050 3202 e·
1092 3146 1479 3220 numconspectu,.pane
1503 3143 1722 3221 selectaque
1746 3139 1890 3202 contenti
1907 3143 1962 3198 de·

180 3224 378 3301 arrogetistam
393 3227 523 3290 sollicite
541 3228 630 3290 nobis
654 3228 781 3289 ioannis
805 3230 919 3288 restem
933 3225 1049 3286 deseri·
1092 3225 1285 3286 serlissimas
1300 3232 1402 3288 terrm
1416 3225 1784 3303 inanirentpcrbncntcs
1797 3220 1960 3298 eoHoquic

181 3305 242 3381 psit
259 3352 266 3379 ,
291 3307 316 3368 si
334 3315 368 3369 aa
393 3311 566 3373 eonrmunis
592 3317 622 3372 et
646 3309 797 3374 ordinaria
811 3309 900 3369 crati
929 3307 988 3370 cor
1002 3323 1050 3368 re·
1094 3304 1163 3378 liei,
1180 3309 1234 3370 cui
1246 3309 1339 3385 puris
1354 3306 1513 3370 montibus
1527 3309 1784 3377 intraueruntct
1799 3303 1870 3382 ejus
1884 3303 1958 3380 pal·

180 3393 258 3448 stem
297 3388 407 3452 carisii
444 3409 505 3455 nort
533 3393 623 3454 etiam
665 3391 898 3472 descripserunt
922 3405 1051 3465 evange·
1095 3389 1290 3452 claritudinis
1315 3387 1962 3468 contemplationebcatisaimi,queem·

178 3470 290 3536 tistac.
314 3473 340 3534 si
355 3490 505 3552 personae
521 3485 551 3538 et
563 3491 624 3538 non
640 3476 739 3556 ipsius
756 3475 848 3537 restis
864 3473 940 3534 ratio
956 3471 1049 3533 babe·
1092 3473 1122 3532 si
1155 3481 1344 3536 sanctorum
1381 3473 1547 3537 intellectu
1577 3473 1704 3552 percipi
1738 3485 1808 3534 nort
1842 3473 1959 3547 potest.

180 3551 289 3614 batur?
1093 3555 1129 3614 m
1154 3557 1251 3618 inira:
1279 3557 1344 3618 Hoe
1370 3563 1439 3618 lam
1464 3557 1623 3620 excellens
1648 3554 1816 3632 lastiniam
1838 3552 1961 3612 suncti·

218 3634 310 3695 Porro
326 3638 365 3700 de
382 3639 475 3708 rictu,
492 3643 573 3719 quod
590 3642 727 3704 loorrstne
744 3639 814 3702 illae
845 3655 906 3702 aon
932 3638 1046 3704 luerint
1092 3639 1187 3708 telis,
1214 3641 1269 3700 cui
1298 3655 1368 3702 non
1391 3655 1455 3702 suu
1478 3646 1591 3717 sponte
1606 3639 1798 3701 mirandum
1813 3641 1842 3696 et
1855 3633 1959 3694 leono-

177 3717 282 3793 pisacs
296 3720 430 3791 delicati,
447 3724 502 3784 sed
519 3731 570 3785 aut
587 3740 676 3786 verare
693 3725 845 3796 locustae,
873 3739 952 3798 auae
976 3734 1049 3787 suut
1092 3723 1238 3785 randum
1256 3723 1396 3793 uidetur,
1413 3723 1559 3785 utat‘t'otle
1573 3729 1686 3786 nostra
1710 3719 1816 3782 videri
1829 3717 1890 3795 ‘itit'
1901 3733 1960 3793 pe-

178 3801 292 3862 rninula
309 3804 537 3880 animantia,ral
553 3814 637 3868 certe
653 3807 825 3868 herbarum
842 3805 1045 3876 summitates,
1092 3807 1169 3865 lesi?

178 3889 261 3958 patet
277 3886 386 3959 prima,
399 3890 470 3966 quia
484 3905 593 3968 graeca
610 3905 664 3951 ros
690 3886 831 3970 ἀκρίδες,
860 3888 935 3948 nibil
962 3892 1045 3954 alliud
1132 3885 1186 3948 His
1197 3885 1445 3950 addeiustiniani
1458 3885 1608 3949 novellam
1618 3882 1869 3948 constitutionem
1886 3879 1957 3942 133.

178 3965 354 4042 significare
367 3975 479 4048 polest,
498 3976 530 4032 ul
545 3971 728 4048 Euthymius
745 3973 847 4032 docet.
871 3969 1016 4034 Secundo
1034 4021 1042 4046 ,
1091 3969 1145 4030 ubi
1160 3969 1206 4031 sio
1222 3970 1274 4032 ait:
1292 3969 1448 4032 solitarie
1461 3971 1638 4048 uitantque
1652 3970 1692 4030 in
1705 3963 1957 4057 eaeontempia·

177 4047 941 4122 auiaChristuslueael.ait:i'enitioanncsnon
951 4071 1046 4119 man·
1091 4052 1135 4112 tio
1146 4067 1197 4115 res
1208 4051 1415 4131 planescere
1428 4056 1517 4120 estol
1529 4053 1873 4131 quaesuaptcnutura
1884 4061 1958 4106 arta·

177 4132 316 4205 dirceus,
332 4151 439 4217 neque
455 4136 578 4206 bibens,
596 4137 697 4213 'idesl3
722 4152 821 4212 usaue
852 4137 930 4196 adeo
956 4139 1042 4200 terrui
1090 4149 1161 4196 mas
1182 4136 1229 4197 ad
1243 4134 1345 4198 Deum
1371 4132 1714 4214 addecet.ocqaeiis
1730 4136 1858 4193 lantum
1875 4174 1882 4191 .
1900 4129 1960 4221 qtei

177 4213 260 4287 cibo,
277 4221 308 4276 et
320 4225 394 4296 potu
411 4225 513 4288 utens,
533 4228 565 4282 ut
587 4220 674 4281 nulia
691 4221 732 4280 uti
749 4218 898 4280 rideatur.
916 4218 1042 4290 Tertio,
1090 4233 1163 4279 eom
1176 4218 1324 4282 incolunt
1339 4218 1528 4290 commodet,
1543 4217 1601 4279 sed
1616 4218 1715 4278 ctiam
1729 4213 1882 4276 omnibus
1894 4213 1955 4272 ale·

178 4297 248 4371 auia
263 4299 310 4360 sie
323 4309 479 4381 exponunt
494 4318 605 4364 omnes
621 4302 736 4376 Petras,
761 4318 840 4380 quos
868 4301 937 4363 vida
960 4304 1043 4382 apud
1088 4300 1189 4362 male.
1898 4373 1904 4386 ι

177 4377 344 4443 Canisium.
939 4435 943 4444 .
1129 4381 1229 4443 'lertio
1245 4382 1390 4459 probatur
1404 4381 1587 4445 rationibus.
1604 4381 1699 4442 Prima
1723 4379 1797 4440 ratio
1825 4380 1956 4438 sumitur

219 4461 365 4525 Probatur
377 4463 521 4527 Secundo
535 4467 612 4527 vitae
624 4467 805 4529 eremiticae
820 4465 991 4528 institutum
1005 4485 1043 4530 er
1088 4464 1126 4525 nb
1142 4463 1267 4532 ellectu.
1281 4465 1422 4526 ridemus
1448 4465 1532 4525 enim
1560 4479 1699 4540 magnam
1727 4466 1846 4552 partem
1876 4463 1960 4517 ncte-

178 4543 696 4612 tcslimoniissaoetormnPetrum.
723 4550 774 4629 oui
794 4564 856 4610 uno
883 4565 1040 4613 censensu
1087 4562 1154 4608 rum
1171 4548 1368 4609 eremitarum
1394 4547 1532 4608 erasisse
1558 4549 1638 4607 viros
1661 4546 1909 4634 perlectissrmos
1924 4545 1956 4597 et

176 4624 252 4687 illud
276 4629 460 4706 approbant.
477 4631 611 4692 Basilius
627 4632 657 4692 in
673 4632 797 4711 epistol.
812 4632 849 4694 ad
867 4631 1040 4709 Chilonem,
1087 4630 1244 4691 miraculis
1260 4629 1557 4710 elatissioros,cujus
1573 4630 1616 4692 rei
1634 4635 1730 4690 testes
1743 4626 1872 4703 pradum
1886 4638 1958 4700 pos·

178 4711 324 4790 martyrio
340 4719 497 4790 comparat
511 4714 600 4776 ritrun
630 4715 797 4776 solitariam
816 4759 825 4781 .
851 4721 882 4776 el
906 4716 995 4779 solvit
1009 4735 1040 4778 o·
1086 4719 1159 4774 suot
1174 4713 1218 4773 ilii
1232 4729 1341 4775 omnes
1358 4714 1408 4791 qui
1423 4713 1617 4790 scripserunt
1633 4713 1709 4772 ritas
1734 4717 1764 4772 ct
1779 4725 1831 4770 res
1854 4711 1964 4797 gestas

178 4808 266 4854 rnnes
280 4793 486 4874 objectiones,
501 4813 581 4874 quae
596 4804 709 4859 contra
726 4797 869 4859 eremitas
891 4798 955 4858 lieri
970 4815 1039 4877 pos·
1086 4796 1296 4868 eremitarum,
1311 4803 1343 4857 ut
1361 4795 1547 4857 ltlranasius
1564 4797 1593 4855 in
1610 4794 1668 4856 rita
1696 4791 1833 4855 latonii.
1851 4787 1961 4881 Hiera-

176 4880 248 4935 sunt
263 4877 405 4940 similiter
419 4878 450 4938 in
463 4879 554 4957 epist.
572 4881 600 4941 1.
614 4882 651 4942 ad
666 4880 845 4957 arepertum
862 4881 1039 4962 theologum
1085 4893 1196 4958 aymus
1212 4880 1241 4938 in
1256 4879 1313 4940 vita
1331 4877 1413 4940 Pauli
1429 4883 1461 4939 et
1472 4877 1638 4941 Hilarionis
1656 4921 1664 4947 ,
1693 4873 1847 4938 Palladius
1865 4887 1894 4928 m
1914 4870 1960 4928 la·

174 4957 214 5016 de
231 4959 361 5024 ulilitate
376 4961 555 5024 solitudinis
571 4964 663 5024 multa
680 4961 1040 5040 disputat.tiariamenus
1084 4962 1176 5023 staria
1192 4961 1350 5030 lausiaca.
1367 4960 1533 5023 Cassianus
1550 4962 1579 5022 in
1597 4958 1826 5024 stillationibus.
1855 4952 1958 5047 'illeo-

173 5034 360 5122 tropologia
378 5061 434 5124 pro
451 5046 519 5120 luga
534 5062 600 5118 sua,
614 5045 878 5106 roceteoclestem
894 5045 984 5108 ritarn
1007 5064 1039 5109 e·
1085 5045 1212 5106 doretus
1231 5045 1261 5105 iu
1279 5045 1405 5106 historia
1421 5043 1566 5121 religiosa
1585 5089 1593 5106 .
1626 5044 1817 5104 Sinamenus
1847 5035 1909 5129 lib.
1929 5033 1962 5092 Ι

173 5122 361 5196 remitarum,
379 5134 410 5188 et
424 5129 454 5188 in
472 5127 565 5206 epist.
591 5128 629 5188 ad
646 5127 821 5190 Hellenium
847 5128 941 5190 reiert
962 5129 1039 5191 miro
1085 5126 1159 5188 hist.
1176 5143 1244 5206 cap.
1264 5126 1380 5189 1213.
1397 5125 1493 5188 etti.
1512 5126 1565 5188 tib.
1583 5125 1614 5186 3.
1631 5142 1701 5200 carr.
1719 5123 1768 5186 ib.
1795 5127 1825 5182 el
1840 5119 1900 5179 lili.
1926 5117 1958 5175 b.

174 5206 323 5279 quaedam
338 5208 377 5270 de
392 5211 529 5272 eremitis
545 5210 592 5271 sui
607 5209 754 5288 temporis
769 5257 776 5280 ,
794 5218 827 5270 ut
840 5209 923 5288 quod
943 5212 1039 5290 aliqui
1086 5227 1154 5288 oap.
1172 5209 1222 5272 28.
1242 5216 1273 5271 el
1294 5216 1436 5289 sequent.
1455 5208 1592 5270 HulHnus
1617 5207 1672 5271 lib.
1689 5208 1721 5268 2.
1738 5207 1811 5268 laist.
1828 5221 1857 5264 o.
1877 5199 1909 5260 b.
1930 5205 1963 5258 ct

172 5300 338 5368 nunt-quam
356 5291 496 5355 homines
512 5293 647 5362 rideant,
672 5292 771 5370 aliqui
790 5293 918 5369 integris
934 5294 1040 5372 uiginti
1086 5291 1117 5353 l.
1134 5291 1282 5371 Euagrius
1295 5291 1350 5354 lib.
1369 5292 1399 5355 1.
1416 5309 1448 5354 e.
1464 5293 1516 5353 21.
1534 5297 1565 5354 et
1577 5289 1633 5353 lib.
1653 5291 1682 5350 l.
1699 5305 1727 5351 o.
1745 5287 1775 5350 l.
1793 5287 1836 5348 le
1853 5287 1892 5375 ut
1918 5280 1962 5342 de

173 5365 285 5430 dicbus
300 5371 370 5431 ciba
393 5374 579 5438 abstineant.
595 5376 699 5439 Heiarl
710 5376 803 5437 aliam
818 5376 857 5437 de
873 5376 1010 5454 quodam
1030 5423 1038 5447 ,
1087 5375 1218 5436 caeteris
1235 5391 1317 5436 nuno
1332 5383 1474 5442 taceam.
1498 5380 1582 5436 uerte
1598 5371 1724 5434 Paulum
1742 5371 1766 5432 l.
1793 5369 1962 5432 creandam

173 5449 256 5526 quod
273 5455 334 5511 tolo
346 5469 427 5514 antro
444 5455 474 5517 in
490 5457 629 5521 oratione
644 5458 774 5530 steterit,
788 5461 820 5519 el
834 5473 874 5519 ne
887 5460 1041 5520 tantillum
1092 5455 1175 5519 Deus
1190 5474 1251 5520 non
1267 5457 1401 5535 perisset
1422 5457 1511 5519 annis
1533 5456 1584 5518 bb.
1609 5453 1735 5518 resiliens
1760 5454 1788 5516 ei
1812 5466 1871 5530 per
1894 5463 1961 5506 cnr-

138 5583 147 5606 ,
176 5531 301 5610 quidem
318 5534 529 5612 obdormierit,
548 5545 597 5602 eui
615 5542 765 5620 reliquias
781 5540 882 5618 exigui
898 5540 959 5603 eibi
971 5541 1044 5603 ulei·
1094 5555 1163 5601 vum
1179 5539 1310 5616 singulis
1326 5540 1436 5602 diebus
1452 5539 1613 5602 dimidium
1626 5554 1737 5615 penam
1753 5556 1761 5613 3
1779 5547 1883 5611 ncnue
1899 5529 1962 5590 Aa·

175 5631 236 5674 nus
251 5631 361 5678 carrus
376 5618 545 5682 adferebat.
564 5625 725 5700 Postquam
740 5629 840 5685 autem
856 5624 943 5696 irasc,
958 5630 988 5685 ct
1003 5625 1047 5685 si·
1094 5623 1196 5684 tonius
1212 5623 1338 5684 vidisset
1353 5622 1483 5684 animam
1503 5621 1624 5702 eiusad
1640 5620 1769 5683 eborum
1800 5615 1960 5694 apostoto-

179 5696 260 5760 milia
284 5699 399 5774 retulit,
422 5701 595 5784 sttbjungit:
628 5706 710 5768 Talis
736 5711 780 5768 cal
805 5706 919 5770 Ciuisti
942 5723 1043 5784 pars,
1092 5721 1158 5767 rum
1176 5706 1205 5767 iu
1232 5707 1352 5768 caelum
1368 5704 1501 5777 deterri,
1528 5719 1627 5783 neque
1646 5703 1754 5766 leonas
1781 5701 1824 5763 illi
1853 5695 1962 5772 stertui·
