4080 6306
255 288 308 346 tte
993 286 1177 347 rnnoltlto

190 498 237 557 tes
248 507 322 558 cnm
334 491 544 574 simplicibus,
565 495 718 572 acuentes
733 505 808 556 cnm
822 463 1043 573 conprepctis?
1089 488 1135 565 ht,
1150 494 1184 553 ut
1194 488 1251 580 alia
1265 487 1512 571 praetermittam,
1528 501 1608 571 qnae
1621 506 1679 556 sno
1695 491 1764 558 loco
1779 499 1887 574 postca
1902 495 1954 560 ai·

188 610 254 675 Sed
267 611 492 680 tomeacdicere
504 611 760 685 eonsceoemntl,
782 609 863 689 quid
889 607 953 674 sibi
977 611 1046 672 octt
1089 605 1235 684 leuentur,
1251 609 1336 670 certo
1349 605 1382 668 in
1396 605 1592 686 epithalamio
1604 608 1658 671 illo
1672 625 1742 686 suo,
1759 611 1944 693 plusquam

187 741 309 791 nomem
321 725 585 789 manachorum?
611 722 735 801 Quanto
762 725 879 788 melius
906 725 1045 790 dimmcs
1087 722 1172 786 credi
1187 721 1296 802 possit,
1312 722 1469 786 obscoeno
1484 723 1674 800 etsordido,
1698 726 1781 806 quod
1796 725 1830 790 in
1844 734 1946 809 caput

189 858 261 919 noa,
277 840 429 924 quidsibi
440 841 507 905 uolt
519 855 640 904 nomen
668 838 990 904 circumcellionum?
1008 841 1046 905 nt
1087 837 1252 918 septimum
1266 836 1415 926 epistolae
1429 839 1539 921 prioris
1551 841 1592 914 ad
1611 839 1787 906 corinthios
1802 844 1948 926 scripsit,

189 975 309 1035 rcrsuS,
332 957 372 1022 dc
382 955 529 1020 Petiliana
543 955 769 1020 haereticorum
782 955 935 1037 principe,
962 956 1044 1020 idem
1089 954 1142 1033 qui
1157 952 1308 1017 coelibem
1322 953 1412 1017 ritum
1427 955 1459 1018 io
1474 956 1667 1020 monasteriis
1682 957 1798 1022 ducunt
1814 1006 1822 1036 ‚
1840 976 1896 1024 eos
1912 977 1953 1024 o-

191 1075 380 1156 huyostiaus
404 1073 460 1137 lib.
475 1073 623 1138 adversus
637 1071 817 1136 Petilianum
842 1072 872 1136 3.
899 1089 968 1154 cap.
990 1071 1044 1136 lb.
1088 1083 1177 1138 mnes
1192 1068 1947 1152 idoloblolochcorporasuacromareconbrmat.

191 1191 356 1270 Deinceps,
372 1187 482 1270 inquit,
494 1188 640 1268 perrecin
653 1203 708 1251 ore
732 1187 892 1278 maledico
911 1188 950 1251 im
962 1187 1044 1251 cilu-
1086 1183 1124 1249 Et
1138 1184 1169 1247 in
1184 1187 1293 1248 oedem
1305 1185 1395 1264 libro,
1412 1193 1522 1280 statum
1543 1188 1703 1270 religionis
1729 1192 1948 1266 philoctere,

187 1308 390 1387 perationem
404 1311 434 1370 et
446 1304 691 1378 monachornm,
704 1320 846 1384 ecquem
862 1304 960 1366 etiem
979 1319 1043 1380 me,
1086 1303 1142 1366 sed
1158 1302 1325 1382 ethnicum,
1348 1310 1503 1368 terrenam
1519 1353 1527 1383 ,
1544 1308 1735 1372 saecularem
1752 1354 1761 1384 ,
1777 1307 1820 1400 {ac
1845 1311 1948 1374 ueluti

190 1425 279 1506 quod
292 1423 350 1487 boc
364 1437 465 1504 penes
479 1423 565 1485 vitoe
579 1438 602 1484 o
614 1437 665 1484 mc
678 1420 777 1499 suerii
786 1420 982 1484 hestitmmm.
1086 1418 1182 1482 lutum
1197 1435 1268 1484 esse
1282 1419 1367 1496 dicit,
1383 1438 1453 1484 cum
1466 1435 1484 1486 e
1498 1423 1649 1487 contrario
1665 1429 1777 1488 statum
1802 1427 1947 1508 conjugii
2019 1421 2020 1432 *

229 1541 378 1604 lamrero
392 1537 510 1604 Ariani
524 1545 606 1602 tauto
629 1537 732 1602 lurore
757 1536 985 1601 bacchabantur
1011 1533 1044 1599 in
1086 1536 1286 1616 spiritualem,
1302 1539 1481 1616 coelestem,
1497 1539 1659 1617 diuinum,
1690 1548 1783 1622 atque
1809 1561 1944 1606 aureum

190 1655 406 1731 monachos‚ut
420 1655 504 1736 ipsus
516 1654 605 1717 etiam
620 1653 846 1718 desertissimas
861 1652 1045 1715 solitudines
1084 1667 1155 1716 esse
1170 1654 1337 1734 praedicet.
1351 1653 1487 1718 ioannes
1500 1654 1642 1744 Quirinos
1660 1657 1740 1721 libro
1765 1657 1944 1742 Institutio·

191 1773 321 1854 locaque
336 1772 467 1835 maxime
482 1771 582 1835 abdita
598 1777 628 1834 et
642 1770 799 1876 recondita
823 1772 1045 1849 penetrarant,
1088 1786 1160 1832 num
1176 1769 1207 1832 l.
1223 1786 1291 1851 cap.
1305 1769 1354 1836 ld.
1368 1786 1433 1834 rem
1446 1776 1539 1844 totam
1559 1771 1693 1836 breuiter
1712 1773 1754 1835 ita
1768 1772 1887 1850 defluit,
1912 1780 1950 1837 ut

190 1895 226 1952 ut
239 1890 408 1954 monachos
423 1892 618 1969 quaererent,
632 1894 797 1968 raperent,
812 1892 903 1966 atque
925 1884 1047 1948 occide·
1087 1901 1158 1949 esse
1171 1887 1244 1950 velit
1259 1886 1441 1952 monasteria
1453 1887 1694 1967 lupanaria3rota
1708 1890 1878 1954 monastica
1893 1907 1950 1954 re·

191 2012 271 2069 rent.
288 2006 339 2068 Sic
354 2005 437 2070 enim
464 2005 615 2068 delacio
642 2004 809 2084 episcopeo
823 2003 927 2065 ariano
942 2000 1050 2065 scribit
1088 2002 1127 2065 tia
1143 2003 1453 2082 Satanae3monachos
1467 2019 1577 2068 omnes
1588 2004 1949 2086 sophystascucullatos,

193 2122 331 2186 bobinus
346 2124 402 2186 lib.
417 2123 490 2189 hist.
508 2123 558 2185 ll.
572 2138 641 2202 cap.
653 2120 684 2183 3.
698 2121 791 2195 lndc,
808 2118 968 2198 inquit,od
980 2135 1047 2182 mo·
1090 2117 1142 2198 qui
1157 2118 1195 2181 ab
1210 2117 1348 2182 Ecclesia
1368 2119 1596 2184 dissensionem
1611 2120 1751 2196 iecerint,
1768 2127 1799 2202 ct
1812 2138 1848 2186 se
1863 2128 1950 2186 totos

190 2239 339 2306 mosterio
357 2239 479 2317 ierom's
498 2238 553 2302 sci
572 2253 668 2302 omne
688 2237 863 2310 conuertit,
892 2239 997 2298 costel
1017 2251 1048 2299 c·
1089 2236 1211 2300 diabolo
1223 2236 1482 2301 consecraverint.
1498 2236 1660 2316 Philippus
1673 2237 1892 2302 Melaocbthon
1908 2239 1946 2302 in

191 2371 319 2421 remum
332 2359 362 2440 ot
383 2355 467 2418 bello
486 2353 722 2436 quiescentibus
741 2352 868 2416 indicit.
893 2352 951 2414 Ter
959 2351 1048 2415 mille
1091 2353 1230 2435 apologia
1253 2369 1309 2435 pro
1324 2352 1525 2417 (lonlessione
1537 2354 1737 2432 dogustans,
1762 2353 1892 2417 articulo
1907 2355 1952 2418 do

192 2473 303 2548 simul,
319 2476 379 2536 oet
400 2487 437 2535 eo
458 2471 612 2551 amptius,
633 2470 721 2535 ciros
739 2485 800 2549 per
819 2473 919 2533 totom
938 2467 1048 2532 solito·
1091 2470 1181 2544 rotis,
1197 2475 1262 2532 rota
1278 2475 1369 2550 atque
1383 2483 1475 2548 opera
1491 2468 1712 2531 monachorum
1741 2485 1824 2533 nunc
1839 2469 1952 2534 obser·

192 2590 303 2654 dicem
322 2593 446 2653 secretu
465 2593 495 2651 et
514 2586 664 2652 solitaria
677 2585 1048 2664 habncticcedispcrsos
1091 2585 1226 2650 rationes
1241 2584 1349 2656 lctuas.
1370 2569 1453 2647 nunc
1477 2583 1682 2664 hypocriticas
1703 2583 1920 2648 simulationes
1938 2632 1947 2662 ,

193 2720 385 2786 oppcpncre
402 2704 529 2784 pariter
549 2703 751 2784 epyreditcr.
773 2703 867 2767 nictit
885 2706 1050 2768 ermetem
1092 2717 1175 2765 nnnc
1189 2700 1280 2764 etiam
1295 2699 1473 2763 traditiones
1488 2699 1675 2780 pharisaicas
1687 2703 1779 2781 atque
1790 2701 1955 2764 mahume-

193 2822 339 2902 cqcitnm
359 2836 398 2883 oc
417 2820 564 2900 poenum
583 2835 733 2884 monem.
756 2819 914 2884 bidumos
927 2865 936 2895 ,
950 2835 1048 2899 proe-
1091 2817 1169 2882 ticas
1181 2823 1277 2881 vocat.
1293 2816 1577 2898 blagdeboryenses
1602 2815 1830 2880 centuriatores
1851 2817 1886 2880 ie
1898 2817 1954 2881 to.

191 2937 313 3016 positos
327 2941 357 2999 et
378 2935 536 3002 benorum
557 2936 678 3012 doces,
701 2941 872 3017 tamquam
892 2936 1049 3000 aduersos
1091 2950 1160 3014 cap.
1176 2932 1306 3016 hient.¹
1322 2939 1524 3014 posteaquam
1537 2932 1701 2996 multorum
1722 2938 1861 2998 aeterum
1877 2949 1948 2997 ere·

194 3049 349 3114 barbaros
361 3057 579 3130 pcpnotcrus
593 3051 697 3130 clepit.
716 3047 777 3127 Qui
787 3067 861 3114 cnm
873 3051 1046 3128 emissent,
1091 3050 1233 3114 mitorum
1246 3052 1321 3116 ritas
1334 3055 1366 3113 et
1378 3053 1544 3130 resqestas
1556 3047 1952 3128 breviter-descripserant,

195 3181 316 3229 nocam
329 3165 554 3246 beltispeeiem
572 3167 694 3240 uident,
710 3165 814 3230 hostes
837 3181 914 3230 sacco
926 3166 1048 3247 plactis
1092 3167 1125 3230 in
1139 3167 1215 3231 haec
1229 3166 1318 3230 uerba
1334 3179 1509 3229 sermonem
1525 3164 1682 3227 claudunt:
1709 3161 1774 3228 Sed
1787 3165 1861 3254 quis
1878 3209 1887 3237 ‚
1904 3165 1954 3226 iu·

192 3280 502 3364 objectoreceroiccs
516 3286 547 3345 et
558 3279 649 3345 mihil
663 3282 759 3348 eliud
777 3283 897 3360 dicere,
918 3284 996 3360 nisi,
1012 3287 1048 3346 A·
1092 3285 1212 3364 quiunt,
1224 3298 1294 3347 non
1306 3281 1386 3346 hoec
1397 3280 1568 3344 bominem
1593 3284 1739 3344 monstro
1767 3285 1953 3354 emecrctur,

191 3395 286 3473 mice,
302 3397 348 3460 od
361 3398 589 3480 quidoenistil
602 3397 646 3465 lle
657 3397 785 3464 Valente
796 3399 981 3478 imperatore
995 3418 1047 3481 pa·
1092 3403 1130 3464 ct
1141 3398 1291 3464 inimicos
1306 3397 1471 3462 homones
1483 3395 1646 3459 cumuletis
1673 3401 1704 3460 et
1723 3401 1838 3462 contro
1851 3402 1955 3460 totam

194 3511 268 3574 riter
277 3511 386 3576 briano
402 3512 434 3578 in
449 3511 600 3578 Chronico
613 3514 646 3578 b.
663 3513 868 3604 Hieronymus
879 3518 1047 3594 annotarit,
1091 3515 1271 3578 scmmdem
1280 3511 1426 3576 melent
1438 3510 1813 3592 delinquentesibtillud
1825 3512 1954 3576 interim

195 3641 296 3707 usque
310 3627 388 3691 adeo
402 3627 490 3691 illum
505 3629 610 3693 odisse
623 3631 805 3707 monachos,
828 3637 863 3695 ut
878 3632 948 3713 lege
964 3633 1022 3696 lata
1039 3681 1048 3711 ‚
1092 3631 1239 3706 omittam,
1256 3630 1338 3710 quod
1352 3635 1438 3710 parte
1451 3643 1514 3692 non
1529 3627 1865 3708 modicamtnqeatium
1882 3630 1952 3693 illo·

197 3744 364 3808 monachos
378 3759 486 3812 omncs
497 3751 549 3808 aut
560 3762 641 3816 arma
656 3761 791 3824 sumere,
805 3747 981 3830 militesque
995 3749 1048 3814 be·
1091 3766 1159 3812 rum
1170 3746 1357 3812 velaminum
1372 3743 1630 3808 inmonachorum
1644 3743 1867 3824 vituperatione
1880 3760 1956 3808 con·

195 3859 233 3932 ri,
251 3864 301 3922 aut
312 3859 442 3922 fustibus
456 3860 555 3934 caedi,
571 3850 954 3941 mactantque'dcorererit.
1090 3868 1228 3938 sumunt,
1241 3877 1320 3943 quos
1335 3859 1451 3940 ubique
1467 3859 1651 3940 hypocrisis,
1664 3859 1784 3940 ubique
1796 3860 1951 3940 supersti-

236 3974 296 4040 Scd
309 3973 400 4038 nimis
414 3975 539 4056 longum
554 3982 650 4054 essct,
665 3977 694 4040 si
710 3979 812 4042 omnia
826 3985 962 4044 ueterum
975 3981 1049 4046 hae·
1091 3979 1196 4056 tionis,
1211 3979 1328 4057 ubique
1343 3976 1508 4058 impietatis
1524 3979 1682 4038 accusant.

195 4092 372 4166 rcticorum,
387 4108 431 4155 ac
444 4092 626 4172 praesertim
646 4092 839 4173 imperatoris
860 4093 1049 4161 constantini
1132 4095 1193 4160 Sed
1207 4093 1293 4174 quid,
1309 4093 1451 4168 obsecro,
1468 4091 1659 4156 lutheranus
1673 4089 1705 4154 in
1721 4095 1780 4153 tam
1796 4096 1951 4172 apertum,

196 4205 378 4288 Gopronymi
389 4213 420 4270 et
431 4215 620 4272 caeterorum
632 4211 768 4272 aeterum
779 4211 1048 4278 iconomachorum
1093 4217 1214 4292 tamque
1229 4206 1423 4288 implacabile
1437 4196 1682 4272 bellcm‘cootra
1711 4206 1882 4270 monachos
1897 4205 1955 4269 im·

195 4322 228 4384 in
242 4328 366 4386 sanctos
380 4322 450 4388 ilios
465 4325 647 4399 monachos,
669 4331 721 4388 out
734 4324 875 4405 improbo
889 4327 980 4404 dich,
997 4337 1049 4394 aut
1092 4325 1265 4408 puttttquid
1279 4325 1326 4389 eis
1339 4322 1481 4390 monachi
1494 4320 1956 4402 nocuerunttquid-rapcerunn

198 4436 364 4500 crudeliter
384 4436 462 4502 lacta
482 4453 765 4532 commemorarem.
793 4441 872 4516 Quid
897 4443 1000 4525 igitur,
1015 4453 1054 4511 nl
1091 4446 1165 4525 quid
1180 4443 1242 4506 iltis
1256 4441 1388 4506 debenti
1401 4441 1531 4516 bonne,
1557 4438 1582 4501 si
1603 4444 1773 4518 superent,
1799 4438 1947 4518 ingentes

198 4551 236 4618 ad
252 4554 420 4635 posteriora
435 4559 572 4636 tempora
587 4533 825 4636 descendamus,
839 4559 974 4627 loannes
988 4565 1048 4626 nr·
1093 4560 1206 4642 gratias
1220 4559 1323 4640 potius
1338 4573 1434 4639 regno
1451 4555 1682 4631 monachorum,
1699 4560 1732 4617 ut
1752 4553 1812 4634 ipsi
1827 4559 1951 4631 uocant,

199 4669 311 4734 clelde
326 4669 539 4750 religiosorum
559 4672 720 4738 ordinibus
745 4676 872 4740 sensit?
886 4677 1001 4758 Nempe
1015 4695 1048 4742 o·
1094 4694 1185 4759 ayerc
1200 4675 1367 4741 deberentl
1390 4673 1435 4736 lix
1454 4688 1515 4753 quo
1540 4671 1684 4735 nimirum
1706 4671 1869 4752 apostolus
1895 4670 1950 4733 ille

198 4802 287 4849 mnes
301 4786 339 4850 ad
354 4803 447 4850 unum
464 4787 610 4854 adiabolo
622 4788 833 4856 inllcclesiam
846 4793 1047 4873 introductos,
1095 4793 1305 4867 Germanicus,
1321 4789 1429 4854 tertius
1442 4787 1572 4864 Helias,
1602 4791 1708 4867 totquc
1734 4786 1788 4850 alil
1813 4785 1957 4849 illustres

200 4909 231 4965 ct
242 4902 457 4983 Augustinnm,
473 4905 671 4968 benedictum
687 4951 696 4982 ‚
720 4906 906 4974 Berourdum
923 4913 961 4975 ad
975 4913 1052 4978 inle·
1099 4911 1278 4992 prophetae,
1295 4911 1385 4986 atque
1400 4903 1626 4984 evangelistae,
1642 4907 1800 4982 tamquam
1814 4915 1853 4964 er
1867 4915 1950 4978 equo

198 5034 250 5082 ros
261 5035 332 5084 esse
343 5021 514 5096 damnatos,
525 5022 586 5086 nisi
597 5025 817 5104 poenitentiam
831 5029 1052 5110 egerint,quod
1097 5025 1228 5106 Trojano
1239 5015 1429 5104 prodierunt.
1444 5018 1532 5082 Unde
1547 5018 1630 5081 euim
1644 5017 1760 5086 habent
1774 5016 1954 5092 bulherum,

200 5135 341 5198 monachi
356 5142 504 5218 atpatres
516 5139 735 5204 monachornm
753 5141 878 5206 luerint.
894 5144 946 5212 Sic
969 5145 1053 5210 enim
1097 5141 1310 5215 Pomoraoum,
1323 5139 1484 5220 bucerum,
1500 5134 1712 5212 Pellicoocm,
1738 5133 1930 5199 liunstcrum
1946 5178 1954 5208 ‚

199 5251 314 5314 habent
328 5253 445 5322 articuli
460 5255 529 5337 ey'ns
541 5258 686 5336 postremi
701 5257 733 5322 io
745 5259 1054 5342 coacittcapuddcr·
1100 5259 1245 5333 lienium,
1257 5255 1440 5329 llusculum,
1463 5252 1639 5326 illocatum,
1670 5249 1955 5329 oecolampadtum,

201 5367 1053 5450 stantiamreprobati.QuidHartinualutheruslllonnc
1100 5375 1285 5455 Martyrum,
1315 5369 1496 5434 Ochinumi
1527 5365 1634 5430 Nonne
1666 5381 1704 5430 cx
1730 5364 1958 5430 monasteriis?

207 5483 295 5548 tertio
310 5500 433 5566 quoque
448 5488 540 5554 uerbo
554 5490 586 5552 ic
602 5490 878 5572 omnibusscriptis
892 5493 1052 5572 suis,quae
1098 5490 1288 5570 Quamquam
1315 5487 1342 5548 si
1364 5499 1468 5549 rerum
1495 5482 1581 5546 lateri
1596 5483 1737 5546 nolumus
1754 5527 1763 5558 ,
1793 5497 1857 5545 non
1886 5499 1953 5549 mo·

209 5617 284 5669 sane
298 5603 518 5686 quamplurima
534 5611 676 5683 erstem,
706 5609 894 5672 monasticen
913 5599 1065 5674 lacerati.
1098 5611 1231 5678 hasteria
1255 5613 1298 5674 tot
1319 5599 1596 5670 nobishcereticos
1619 5603 1788 5680 peperunt,
1815 5599 1872 5663 scd
1888 5600 1958 5680 ipsa
