<?xml version="1.0" encoding="UTF-8"?>
<!DOCTYPE html PUBLIC "-//W3C//DTD XHTML 1.0 Transitional//EN"
    "http://www.w3.org/TR/xhtml1/DTD/xhtml1-transitional.dtd">
<html xmlns="http://www.w3.org/1999/xhtml" xml:lang="en" lang="en">
 <head>
  <title>
</title>
<meta http-equiv="Content-Type" content="text/html;charset=utf-8" />
  <meta name='ocr-system' content='tesseract 3.04.00' />
  <meta name='ocr-capabilities' content='ocr_page ocr_carea ocr_par ocr_line ocrx_word'/>
</head>
<body>
  <div class='ocr_page' id='page_1' title='image "./operaomnia02sforgoog/operaomnia02sforgoog_0362.png"; bbox 0 0 4098 6294; ppageno 0'>
   <div class='ocr_carea' id='block_1_1' title="bbox 848 387 1771 458">
    <p class='ocr_par' dir='ltr' id='par_1_1' title="bbox 848 387 1771 458">
     <span class='ocr_line' id='line_1_1' title="bbox 848 387 1771 458; baseline -0.009 -6"><span class='ocrx_word' id='word_1_1' title='bbox 848 395 943 458; x_wconf 78' lang='lat' dir='ltr'><strong>lllrlbl</strong></span> <span class='ocrx_word' id='word_1_2' title='bbox 964 393 1084 454; x_wconf 72' lang='lat' dir='ltr'><strong>l‘ttlttt&#39;s</strong></span> <span class='ocrx_word' id='word_1_3' title='bbox 1329 387 1338 434; x_wconf 78' lang='grc'><strong>-’</strong></span> <span class='ocrx_word' id='word_1_4' title='bbox 1723 392 1771 446; x_wconf 84' lang='lat' dir='ltr'><strong>tet</strong></span> 
     </span>
    </p>
   </div>
   <div class='ocr_carea' id='block_1_2' title="bbox 76 521 1910 5737">
    <p class='ocr_par' dir='ltr' id='par_1_2' title="bbox 76 521 1910 5737">
     <span class='ocr_line' id='line_1_2' title="bbox 77 521 1849 606; baseline 0 -20"><span class='ocrx_word' id='word_1_5' title='bbox 77 527 164 600; x_wconf 86' lang='lat' dir='ltr'><strong>nius;</strong></span> <span class='ocrx_word' id='word_1_6' title='bbox 176 528 207 584; x_wconf 89' lang='lat' dir='ltr'><strong>ut</strong></span> <span class='ocrx_word' id='word_1_7' title='bbox 221 522 371 586; x_wconf 68' lang='lat' dir='ltr'><strong>refellitur</strong></span> <span class='ocrx_word' id='word_1_8' title='bbox 384 529 494 588; x_wconf 84' lang='lat' dir='ltr'><strong>rectos</strong></span> <span class='ocrx_word' id='word_1_9' title='bbox 511 525 742 606; x_wconf 74' lang='lat' dir='ltr'><strong>Cbrgsestemm</strong></span> <span class='ocrx_word' id='word_1_10' title='bbox 765 541 834 588; x_wconf 90' lang='lat' dir='ltr'><strong>cam</strong></span> <span class='ocrx_word' id='word_1_11' title='bbox 850 527 942 590; x_wconf 91' lang='lat' dir='ltr'><strong>detri-</strong></span> <span class='ocrx_word' id='word_1_12' title='bbox 986 521 1234 603; x_wconf 82' lang='lat' dir='ltr'><strong>scripturisdies</strong></span> <span class='ocrx_word' id='word_1_13' title='bbox 1246 521 1381 598; x_wconf 84' lang='lat' dir='ltr'><strong>Domini,</strong></span> <span class='ocrx_word' id='word_1_14' title='bbox 1397 525 1453 588; x_wconf 88' lang='lat' dir='ltr'><strong>scd</strong></span> <span class='ocrx_word' id='word_1_15' title='bbox 1469 523 1536 586; x_wconf 89' lang='lat' dir='ltr'><strong>dies</strong></span> <span class='ocrx_word' id='word_1_16' title='bbox 1552 528 1666 596; x_wconf 86' lang='lat' dir='ltr'><strong>nestra,</strong></span> <span class='ocrx_word' id='word_1_17' title='bbox 1680 522 1761 584; x_wconf 83' lang='lat' dir='ltr'><strong>sicul</strong></span> <span class='ocrx_word' id='word_1_18' title='bbox 1776 521 1849 586; x_wconf 88' lang='lat' dir='ltr'><strong>cen·</strong></span> 
     </span>
     <span class='ocr_line' id='line_1_3' title="bbox 81 603 1845 684; baseline -0.002 -16"><span class='ocrx_word' id='word_1_19' title='bbox 81 611 223 668; x_wconf 88' lang='lat' dir='ltr'><strong>menium</strong></span> <span class='ocrx_word' id='word_1_20' title='bbox 239 605 384 668; x_wconf 70' lang='lat' dir='ltr'><strong>tribuitur</strong></span> <span class='ocrx_word' id='word_1_21' title='bbox 398 607 489 668; x_wconf 89' lang='lat' dir='ltr'><strong>ctiam</strong></span> <span class='ocrx_word' id='word_1_22' title='bbox 505 608 687 672; x_wconf 84' lang='lat' dir='ltr'><strong>erobileoto.</strong></span> <span class='ocrx_word' id='word_1_23' title='bbox 703 605 817 684; x_wconf 91' lang='lat' dir='ltr'><strong>etipse</strong></span> <span class='ocrx_word' id='word_1_24' title='bbox 832 607 945 670; x_wconf 88' lang='lat' dir='ltr'><strong>dicitur</strong></span> <span class='ocrx_word' id='word_1_25' title='bbox 988 615 1043 677; x_wconf 86' lang='lat' dir='ltr'><strong>tra,</strong></span> <span class='ocrx_word' id='word_1_26' title='bbox 1056 615 1184 684; x_wconf 89' lang='lat' dir='ltr'><strong>tempus</strong></span> <span class='ocrx_word' id='word_1_27' title='bbox 1199 605 1325 668; x_wconf 89' lang='lat' dir='ltr'><strong>citerius</strong></span> <span class='ocrx_word' id='word_1_28' title='bbox 1340 605 1418 668; x_wconf 85' lang='lat' dir='ltr'><strong>vilae</strong></span> <span class='ocrx_word' id='word_1_29' title='bbox 1432 606 1543 668; x_wconf 91' lang='lat' dir='ltr'><strong>dicitur</strong></span> <span class='ocrx_word' id='word_1_30' title='bbox 1557 603 1625 666; x_wconf 89' lang='lat' dir='ltr'><strong>dics</strong></span> <span class='ocrx_word' id='word_1_31' title='bbox 1640 603 1845 678; x_wconf 69' lang='lat' dir='ltr'><strong>[laminiana</strong></span> 
     </span>
     <span class='ocr_line' id='line_1_4' title="bbox 76 685 1843 768; baseline -0.001 -20"><span class='ocrx_word' id='word_1_32' title='bbox 76 685 244 748; x_wconf 83' lang='lat' dir='ltr'><strong>aedificare</strong></span> <span class='ocrx_word' id='word_1_33' title='bbox 259 687 496 768; x_wconf 61' lang='lat' dir='ltr'><strong>stipulamur-gc</strong></span> <span class='ocrx_word' id='word_1_34' title='bbox 512 705 574 752; x_wconf 91' lang='lat' dir='ltr'><strong>non</strong></span> <span class='ocrx_word' id='word_1_35' title='bbox 585 688 710 751; x_wconf 85' lang='lat' dir='ltr'><strong>&#39;estsota</strong></span> <span class='ocrx_word' id='word_1_36' title='bbox 722 687 811 766; x_wconf 88' lang='lat' dir='ltr'><strong>eulpa</strong></span> <span class='ocrx_word' id='word_1_37' title='bbox 824 695 854 750; x_wconf 90' lang='lat' dir='ltr'><strong>et</strong></span> <span class='ocrx_word' id='word_1_38' title='bbox 868 705 944 768; x_wconf 91' lang='lat' dir='ltr'><strong>poe·</strong></span> <span class='ocrx_word' id='word_1_39' title='bbox 988 694 1104 758; x_wconf 87' lang='lat' dir='ltr'><strong>nostra,</strong></span> <span class='ocrx_word' id='word_1_40' title='bbox 1121 694 1154 748; x_wconf 89' lang='grc' dir='ltr'><strong>ιιι</strong></span> <span class='ocrx_word' id='word_1_41' title='bbox 1168 686 1242 747; x_wconf 85' lang='lat' dir='ltr'><strong>tue.</strong></span> <span class='ocrx_word' id='word_1_42' title='bbox 1260 686 1310 746; x_wconf 86' lang='lat' dir='ltr'><strong>ttl.</strong></span> <span class='ocrx_word' id='word_1_43' title='bbox 1322 689 1362 750; x_wconf 81' lang='lat' dir='ltr'><strong>El</strong></span> <span class='ocrx_word' id='word_1_44' title='bbox 1375 689 1509 768; x_wconf 80' lang='lat' dir='ltr'><strong>quidem</strong></span> <span class='ocrx_word' id='word_1_45' title='bbox 1537 687 1575 748; x_wconf 86' lang='lat' dir='ltr'><strong>in</strong></span> <span class='ocrx_word' id='word_1_46' title='bbox 1602 685 1663 748; x_wconf 89' lang='lat' dir='ltr'><strong>beo</strong></span> <span class='ocrx_word' id='word_1_47' title='bbox 1688 687 1742 747; x_wconf 84' lang='lat' dir='ltr'><strong>dio</strong></span> <span class='ocrx_word' id='word_1_48' title='bbox 1765 692 1843 748; x_wconf 83' lang='lat' dir='ltr'><strong>luc.</strong></span> 
     </span>
     <span class='ocr_line' id='line_1_5' title="bbox 77 766 1852 850; baseline 0 -22"><span class='ocrx_word' id='word_1_49' title='bbox 77 783 118 830; x_wconf 92' lang='lat' dir='ltr'><strong>na</strong></span> <span class='ocrx_word' id='word_1_50' title='bbox 134 766 320 830; x_wconf 85' lang='lat' dir='ltr'><strong>auditorum.</strong></span> <span class='ocrx_word' id='word_1_51' title='bbox 838 814 841 820; x_wconf 80' lang='lat'>-</span> <span class='ocrx_word' id='word_1_52' title='bbox 988 785 1074 850; x_wconf 85' lang='lat' dir='ltr'><strong>queo</strong></span> <span class='ocrx_word' id='word_1_53' title='bbox 1089 770 1135 831; x_wconf 87' lang='lat' dir='ltr'><strong>cd</strong></span> <span class='ocrx_word' id='word_1_54' title='bbox 1148 783 1264 846; x_wconf 87' lang='lat' dir='ltr'><strong>poocm</strong></span> <span class='ocrx_word' id='word_1_55' title='bbox 1274 767 1343 832; x_wconf 85' lang='lat' dir='ltr'><strong>libi.</strong></span> <span class='ocrx_word' id='word_1_56' title='bbox 1356 769 1576 831; x_wconf 76' lang='lat' dir='ltr'><strong>Luc.22.llceo</strong></span> <span class='ocrx_word' id='word_1_57' title='bbox 1587 773 1632 829; x_wconf 88' lang='lat' dir='ltr'><strong>ost</strong></span> <span class='ocrx_word' id='word_1_58' title='bbox 1643 767 1852 830; x_wconf 87' lang='lat' dir='ltr'><strong>borcocetro.</strong></span> 
     </span>
     <span class='ocr_line' id='line_1_6' title="bbox 121 849 1852 930; baseline 0 -20"><span class='ocrx_word' id='word_1_59' title='bbox 121 849 211 910; x_wconf 80' lang='lat' dir='ltr'><strong>sexte</strong></span> <span class='ocrx_word' id='word_1_60' title='bbox 225 849 484 927; x_wconf 88' lang='lat' dir='ltr'><strong>sententia‚qcam</strong></span> <span class='ocrx_word' id='word_1_61' title='bbox 496 851 641 914; x_wconf 90' lang='lat' dir='ltr'><strong>omnibus</strong></span> <span class='ocrx_word' id='word_1_62' title='bbox 653 849 943 930; x_wconf 71' lang='lat' dir='ltr'><strong>anteponimusesl,</strong></span> <span class='ocrx_word' id='word_1_63' title='bbox 989 851 1085 914; x_wconf 84' lang='lat' dir='ltr'><strong>Galat.</strong></span> <span class='ocrx_word' id='word_1_64' title='bbox 1102 849 1133 911; x_wconf 83' lang='grc'><strong>6.</strong></span> <span class='ocrx_word' id='word_1_65' title='bbox 1149 849 1229 912; x_wconf 80' lang='lat' dir='ltr'><strong>tieem</strong></span> <span class='ocrx_word' id='word_1_66' title='bbox 1247 853 1370 928; x_wconf 82' lang='lat' dir='ltr'><strong>tempus</strong></span> <span class='ocrx_word' id='word_1_67' title='bbox 1392 851 1573 920; x_wconf 83' lang='lat' dir='ltr'><strong>hebentes,</strong></span> <span class='ocrx_word' id='word_1_68' title='bbox 1602 861 1775 928; x_wconf 85' lang='lat' dir='ltr'><strong>operemur</strong></span> <span class='ocrx_word' id='word_1_69' title='bbox 1799 849 1852 910; x_wconf 90' lang='lat' dir='ltr'><strong>bo·</strong></span> 
     </span>
     <span class='ocr_line' id='line_1_7' title="bbox 80 929 1854 1012; baseline 0.001 -20"><span class='ocrx_word' id='word_1_70' title='bbox 80 936 116 992; x_wconf 96' lang='lat' dir='ltr'><strong>ut</strong></span> <span class='ocrx_word' id='word_1_71' title='bbox 128 931 257 992; x_wconf 91' lang='lat' dir='ltr'><strong>nomine</strong></span> <span class='ocrx_word' id='word_1_72' title='bbox 273 931 463 994; x_wconf 87' lang='lat' dir='ltr'><strong>tundamenti</strong></span> <span class='ocrx_word' id='word_1_73' title='bbox 479 932 668 1011; x_wconf 87' lang='lat' dir='ltr'><strong>intelligatur</strong></span> <span class='ocrx_word' id='word_1_74' title='bbox 683 930 835 1004; x_wconf 78' lang='lat' dir='ltr'><strong>cbristus,</strong></span> <span class='ocrx_word' id='word_1_75' title='bbox 852 949 868 992; x_wconf 94' lang='lat' dir='ltr'><strong>a</strong></span> <span class='ocrx_word' id='word_1_76' title='bbox 884 935 945 1011; x_wconf 90' lang='lat' dir='ltr'><strong>pri·</strong></span> <span class='ocrx_word' id='word_1_77' title='bbox 987 947 1081 995; x_wconf 83' lang='lat' dir='ltr'><strong>num.</strong></span> <span class='ocrx_word' id='word_1_78' title='bbox 1096 933 1176 996; x_wconf 88' lang='lat' dir='ltr'><strong>Psal.</strong></span> <span class='ocrx_word' id='word_1_79' title='bbox 1194 931 1245 992; x_wconf 82' lang='lat' dir='ltr'><strong>il.</strong></span> <span class='ocrx_word' id='word_1_80' title='bbox 1266 929 1346 993; x_wconf 79' lang='lat' dir='ltr'><strong>Germ</strong></span> <span class='ocrx_word' id='word_1_81' title='bbox 1371 946 1525 1012; x_wconf 83' lang='lat' dir='ltr'><strong>accepero</strong></span> <span class='ocrx_word' id='word_1_82' title='bbox 1538 937 1673 1008; x_wconf 75' lang='lat' dir='ltr'><strong>teneone,</strong></span> <span class='ocrx_word' id='word_1_83' title='bbox 1688 947 1746 1009; x_wconf 79' lang='lat' dir='ltr'><strong>eqo</strong></span> <span class='ocrx_word' id='word_1_84' title='bbox 1756 930 1854 1010; x_wconf 69' lang='lat' dir='ltr'><strong>ineli-</strong></span> 
     </span>
     <span class='ocr_line' id='line_1_8' title="bbox 77 1011 1853 1091; baseline -0.001 -17"><span class='ocrx_word' id='word_1_85' title='bbox 77 1013 142 1074; x_wconf 90' lang='lat' dir='ltr'><strong>rnis</strong></span> <span class='ocrx_word' id='word_1_86' title='bbox 164 1012 427 1090; x_wconf 74' lang='lat' dir='ltr'><strong>praedicatoribus</strong></span> <span class='ocrx_word' id='word_1_87' title='bbox 443 1014 670 1085; x_wconf 88' lang='lat' dir='ltr'><strong>annunciatus,</strong></span> <span class='ocrx_word' id='word_1_88' title='bbox 688 1014 796 1091; x_wconf 86' lang='lat' dir='ltr'><strong>quoles</strong></span> <span class='ocrx_word' id='word_1_89' title='bbox 812 1023 899 1075; x_wconf 89' lang='lat' dir='ltr'><strong>erant</strong></span> <span class='ocrx_word' id='word_1_90' title='bbox 913 1031 944 1076; x_wconf 92' lang='lat' dir='ltr'><strong>a·</strong></span> <span class='ocrx_word' id='word_1_91' title='bbox 989 1017 1051 1076; x_wconf 80' lang='lat' dir='ltr'><strong>eico</strong></span> <span class='ocrx_word' id='word_1_92' title='bbox 1058 1012 1228 1091; x_wconf 72' lang='lat' dir='ltr'><strong>judicabo.</strong></span> <span class='ocrx_word' id='word_1_93' title='bbox 1245 1013 1421 1090; x_wconf 83' lang='lat' dir='ltr'><strong>Sopbeniae</strong></span> <span class='ocrx_word' id='word_1_94' title='bbox 1438 1015 1466 1074; x_wconf 91' lang='lat' dir='ltr'><strong>l.</strong></span> <span class='ocrx_word' id='word_1_95' title='bbox 1482 1011 1589 1075; x_wconf 78' lang='lat' dir='ltr'><strong>lucta</strong></span> <span class='ocrx_word' id='word_1_96' title='bbox 1603 1011 1732 1074; x_wconf 80' lang='lat' dir='ltr'><strong>osidius</strong></span> <span class='ocrx_word' id='word_1_97' title='bbox 1747 1013 1853 1073; x_wconf 85' lang='lat' dir='ltr'><strong>Demi·</strong></span> 
     </span>
     <span class='ocr_line' id='line_1_9' title="bbox 77 1092 1855 1174; baseline 0 -18"><span class='ocrx_word' id='word_1_98' title='bbox 77 1093 208 1172; x_wconf 87' lang='lat' dir='ltr'><strong>postoli,</strong></span> <span class='ocrx_word' id='word_1_99' title='bbox 225 1093 278 1172; x_wconf 92' lang='lat' dir='ltr'><strong>qui</strong></span> <span class='ocrx_word' id='word_1_100' title='bbox 291 1094 386 1156; x_wconf 87' lang='lat' dir='ltr'><strong>iidem</strong></span> <span class='ocrx_word' id='word_1_101' title='bbox 398 1092 510 1156; x_wconf 86' lang='lat' dir='ltr'><strong>Cbrisli</strong></span> <span class='ocrx_word' id='word_1_102' title='bbox 522 1101 553 1156; x_wconf 89' lang='lat' dir='ltr'><strong>et</strong></span> <span class='ocrx_word' id='word_1_103' title='bbox 565 1095 947 1174; x_wconf 82' lang='lat' dir='ltr'><strong>evangeliumdetulerunl</strong></span> <span class='ocrx_word' id='word_1_104' title='bbox 988 1097 1028 1159; x_wconf 84' lang='lat' dir='ltr'><strong>ni</strong></span> <span class='ocrx_word' id='word_1_105' title='bbox 1040 1110 1193 1173; x_wconf 83' lang='lat' dir='ltr'><strong>rncqmco.</strong></span> <span class='ocrx_word' id='word_1_106' title='bbox 1210 1093 1289 1156; x_wconf 86' lang='lat' dir='ltr'><strong>tout.</strong></span> <span class='ocrx_word' id='word_1_107' title='bbox 1306 1095 1337 1155; x_wconf 81' lang='lat'><strong>2.</strong></span> <span class='ocrx_word' id='word_1_108' title='bbox 1359 1095 1464 1158; x_wconf 81' lang='lat' dir='ltr'><strong>leniet</strong></span> <span class='ocrx_word' id='word_1_109' title='bbox 1478 1095 1547 1158; x_wconf 84' lang='lat' dir='ltr'><strong>dieo</strong></span> <span class='ocrx_word' id='word_1_110' title='bbox 1559 1093 1690 1156; x_wconf 86' lang='lat' dir='ltr'><strong>Domini</strong></span> <span class='ocrx_word' id='word_1_111' title='bbox 1707 1141 1714 1166; x_wconf 87' lang='lat'><strong>,</strong></span> <span class='ocrx_word' id='word_1_112' title='bbox 1732 1095 1800 1156; x_wconf 83' lang='lat' dir='ltr'><strong>dies</strong></span> <span class='ocrx_word' id='word_1_113' title='bbox 1813 1101 1855 1156; x_wconf 90' lang='lat' dir='ltr'><strong>tc·</strong></span> 
     </span>
     <span class='ocr_line' id='line_1_10' title="bbox 78 1174 1388 1254; baseline -0.001 -18"><span class='ocrx_word' id='word_1_114' title='bbox 78 1176 119 1236; x_wconf 89' lang='lat' dir='ltr'><strong>ad</strong></span> <span class='ocrx_word' id='word_1_115' title='bbox 133 1189 188 1236; x_wconf 89' lang='lat' dir='ltr'><strong>eos</strong></span> <span class='ocrx_word' id='word_1_116' title='bbox 210 1177 355 1254; x_wconf 89' lang='lat' dir='ltr'><strong>pupulos,</strong></span> <span class='ocrx_word' id='word_1_117' title='bbox 385 1174 438 1253; x_wconf 91' lang='lat' dir='ltr'><strong>qui</strong></span> <span class='ocrx_word' id='word_1_118' title='bbox 453 1177 530 1236; x_wconf 91' lang='lat' dir='ltr'><strong>nibil</strong></span> <span class='ocrx_word' id='word_1_119' title='bbox 546 1192 679 1252; x_wconf 88' lang='lat' dir='ltr'><strong>unquam</strong></span> <span class='ocrx_word' id='word_1_120' title='bbox 696 1174 736 1237; x_wconf 90' lang='lat' dir='ltr'><strong>de</strong></span> <span class='ocrx_word' id='word_1_121' title='bbox 751 1175 870 1238; x_wconf 82' lang='lat' dir='ltr'><strong>dbriste</strong></span> <span class='ocrx_word' id='word_1_122' title='bbox 892 1193 946 1238; x_wconf 91' lang='lat' dir='ltr'><strong>au·</strong></span> <span class='ocrx_word' id='word_1_123' title='bbox 988 1177 1168 1240; x_wconf 82' lang='lat' dir='ltr'><strong>mebrorum</strong></span> <span class='ocrx_word' id='word_1_124' title='bbox 1182 1181 1212 1238; x_wconf 85' lang='lat' dir='ltr'><strong>el</strong></span> <span class='ocrx_word' id='word_1_125' title='bbox 1225 1175 1388 1252; x_wconf 77' lang='lat' dir='ltr'><strong>caliginis.</strong></span> 
     </span>
     <span class='ocr_line' id='line_1_11' title="bbox 79 1255 1854 1335; baseline 0 -18"><span class='ocrx_word' id='word_1_126' title='bbox 79 1258 216 1317; x_wconf 88' lang='lat' dir='ltr'><strong>dierunt.</strong></span> <span class='ocrx_word' id='word_1_127' title='bbox 229 1256 308 1318; x_wconf 85' lang='lat' dir='ltr'><strong>Hinc</strong></span> <span class='ocrx_word' id='word_1_128' title='bbox 320 1258 404 1318; x_wconf 89' lang='lat' dir='ltr'><strong>enim</strong></span> <span class='ocrx_word' id='word_1_129' title='bbox 418 1256 451 1318; x_wconf 91' lang='lat' dir='ltr'><strong>b.</strong></span> <span class='ocrx_word' id='word_1_130' title='bbox 468 1257 580 1320; x_wconf 82' lang='lat' dir='ltr'><strong>Paulus</strong></span> <span class='ocrx_word' id='word_1_131' title='bbox 591 1259 643 1318; x_wconf 88' lang='lat' dir='ltr'><strong>ait:</strong></span> <span class='ocrx_word' id='word_1_132' title='bbox 657 1258 724 1334; x_wconf 77' lang='lat' dir='ltr'><strong>Epo</strong></span> <span class='ocrx_word' id='word_1_133' title='bbox 738 1257 899 1333; x_wconf 73' lang='lat' dir='ltr'><strong>plantavi,</strong></span> <span class='ocrx_word' id='word_1_134' title='bbox 917 1262 947 1319; x_wconf 82' lang='lat' dir='ltr'><strong>ol</strong></span> <span class='ocrx_word' id='word_1_135' title='bbox 1032 1258 1145 1320; x_wconf 86' lang='lat' dir='ltr'><strong>Tertio:</strong></span> <span class='ocrx_word' id='word_1_136' title='bbox 1158 1258 1308 1334; x_wconf 78' lang='lat' dir='ltr'><strong>Tempore</strong></span> <span class='ocrx_word' id='word_1_137' title='bbox 1321 1257 1398 1318; x_wconf 86' lang='lat' dir='ltr'><strong>ritae</strong></span> <span class='ocrx_word' id='word_1_138' title='bbox 1413 1255 1587 1335; x_wconf 86' lang='lat' dir='ltr'><strong>praesentis</strong></span> <span class='ocrx_word' id='word_1_139' title='bbox 1603 1271 1664 1316; x_wconf 92' lang='lat' dir='ltr'><strong>nen</strong></span> <span class='ocrx_word' id='word_1_140' title='bbox 1680 1257 1854 1318; x_wconf 79' lang='lat' dir='ltr'><strong>declaratur</strong></span> 
     </span>
     <span class='ocr_line' id='line_1_12' title="bbox 82 1337 1854 1418; baseline 0.001 -20"><span class='ocrx_word' id='word_1_141' title='bbox 82 1353 144 1415; x_wconf 81' lang='lat' dir='ltr'><strong>ege</strong></span> <span class='ocrx_word' id='word_1_142' title='bbox 157 1343 195 1399; x_wconf 86' lang='lat' dir='ltr'><strong>ut</strong></span> <span class='ocrx_word' id='word_1_143' title='bbox 207 1339 339 1416; x_wconf 82' lang='lat' dir='ltr'><strong>cepione</strong></span> <span class='ocrx_word' id='word_1_144' title='bbox 361 1337 556 1402; x_wconf 84' lang='lat' dir='ltr'><strong>crobiteotue</strong></span> <span class='ocrx_word' id='word_1_145' title='bbox 569 1339 825 1416; x_wconf 71' lang='lat' dir='ltr'><strong>fondamentum</strong></span> <span class='ocrx_word' id='word_1_146' title='bbox 837 1340 945 1417; x_wconf 83' lang='lat' dir='ltr'><strong>posci.</strong></span> <span class='ocrx_word' id='word_1_147' title='bbox 991 1357 1071 1418; x_wconf 90' lang='lat' dir='ltr'><strong>epus</strong></span> <span class='ocrx_word' id='word_1_148' title='bbox 1087 1337 1332 1416; x_wconf 74' lang='lat' dir='ltr'><strong>uniusouJusque</strong></span> <span class='ocrx_word' id='word_1_149' title='bbox 1348 1340 1440 1416; x_wconf 90' lang='lat' dir='ltr'><strong>quele</strong></span> <span class='ocrx_word' id='word_1_150' title='bbox 1452 1338 1504 1399; x_wconf 88' lang='lat' dir='ltr'><strong>sil.</strong></span> <span class='ocrx_word' id='word_1_151' title='bbox 1526 1337 1754 1399; x_wconf 74' lang='lat' dir='ltr'><strong>tribulationes</strong></span> <span class='ocrx_word' id='word_1_152' title='bbox 1771 1339 1854 1400; x_wconf 91' lang='lat' dir='ltr'><strong>enim</strong></span> 
     </span>
     <span class='ocr_line' id='line_1_13' title="bbox 79 1417 1834 1499; baseline -0.001 -19"><span class='ocrx_word' id='word_1_153' title='bbox 79 1417 164 1480; x_wconf 88' lang='lat' dir='ltr'><strong>lltnc</strong></span> <span class='ocrx_word' id='word_1_154' title='bbox 178 1419 269 1482; x_wconf 88' lang='lat' dir='ltr'><strong>eliam</strong></span> <span class='ocrx_word' id='word_1_155' title='bbox 285 1420 339 1499; x_wconf 94' lang='lat' dir='ltr'><strong>qui</strong></span> <span class='ocrx_word' id='word_1_156' title='bbox 354 1419 444 1497; x_wconf 88' lang='lat' dir='ltr'><strong>primi</strong></span> <span class='ocrx_word' id='word_1_157' title='bbox 456 1419 487 1484; x_wconf 90' lang='lat' dir='ltr'><strong>iu</strong></span> <span class='ocrx_word' id='word_1_158' title='bbox 502 1419 738 1498; x_wconf 87' lang='lat' dir='ltr'><strong>aliquaregioue</strong></span> <span class='ocrx_word' id='word_1_159' title='bbox 752 1418 844 1481; x_wconf 83' lang='lat' dir='ltr'><strong>tidem</strong></span> <span class='ocrx_word' id='word_1_160' title='bbox 861 1433 947 1498; x_wconf 87' lang='lat' dir='ltr'><strong>prae·</strong></span> <span class='ocrx_word' id='word_1_161' title='bbox 993 1436 1176 1484; x_wconf 79' lang='lat' dir='ltr'><strong>comumnes</strong></span> <span class='ocrx_word' id='word_1_162' title='bbox 1189 1427 1261 1482; x_wconf 88' lang='lat' dir='ltr'><strong>sont</strong></span> <span class='ocrx_word' id='word_1_163' title='bbox 1272 1419 1364 1482; x_wconf 88' lang='lat' dir='ltr'><strong>bonis</strong></span> <span class='ocrx_word' id='word_1_164' title='bbox 1380 1427 1410 1481; x_wconf 89' lang='lat' dir='ltr'><strong>ct</strong></span> <span class='ocrx_word' id='word_1_165' title='bbox 1425 1419 1525 1491; x_wconf 84' lang='lat' dir='ltr'><strong>malis,</strong></span> <span class='ocrx_word' id='word_1_166' title='bbox 1542 1418 1635 1498; x_wconf 84' lang='lat' dir='ltr'><strong>justis</strong></span> <span class='ocrx_word' id='word_1_167' title='bbox 1651 1425 1681 1480; x_wconf 93' lang='lat' dir='ltr'><strong>et</strong></span> <span class='ocrx_word' id='word_1_168' title='bbox 1696 1419 1834 1497; x_wconf 85' lang='lat' dir='ltr'><strong>injustis.</strong></span> 
     </span>
     <span class='ocr_line' id='line_1_14' title="bbox 81 1499 1857 1581; baseline -0.001 -19"><span class='ocrx_word' id='word_1_169' title='bbox 81 1501 202 1572; x_wconf 88' lang='lat' dir='ltr'><strong>dicant,</strong></span> <span class='ocrx_word' id='word_1_170' title='bbox 217 1501 363 1564; x_wconf 88' lang='lat' dir='ltr'><strong>dicuntur</strong></span> <span class='ocrx_word' id='word_1_171' title='bbox 373 1501 504 1580; x_wconf 89' lang='lat' dir='ltr'><strong>apostoli</strong></span> <span class='ocrx_word' id='word_1_172' title='bbox 521 1502 590 1581; x_wconf 87' lang='lat' dir='ltr'><strong>ejus</strong></span> <span class='ocrx_word' id='word_1_173' title='bbox 606 1501 885 1579; x_wconf 80' lang='lat' dir='ltr'><strong>regionislloruine</strong></span> <span class='ocrx_word' id='word_1_174' title='bbox 899 1516 948 1563; x_wconf 86' lang='lat' dir='ltr'><strong>ee·</strong></span> <span class='ocrx_word' id='word_1_175' title='bbox 1033 1503 1144 1575; x_wconf 83' lang='lat' dir='ltr'><strong>Quarto</strong></span> <span class='ocrx_word' id='word_1_176' title='bbox 1162 1548 1169 1574; x_wconf 96' lang='lat'><strong>‚</strong></span> <span class='ocrx_word' id='word_1_177' title='bbox 1186 1502 1256 1578; x_wconf 90' lang='lat' dir='ltr'><strong>quia</strong></span> <span class='ocrx_word' id='word_1_178' title='bbox 1272 1517 1382 1564; x_wconf 89' lang='lat' dir='ltr'><strong>omnes</strong></span> <span class='ocrx_word' id='word_1_179' title='bbox 1404 1502 1547 1563; x_wconf 88' lang='lat' dir='ltr'><strong>docteres</strong></span> <span class='ocrx_word' id='word_1_180' title='bbox 1573 1499 1751 1580; x_wconf 88' lang='lat' dir='ltr'><strong>intelligunt</strong></span> <span class='ocrx_word' id='word_1_181' title='bbox 1778 1501 1857 1562; x_wconf 92' lang='lat' dir='ltr'><strong>bano</strong></span> 
     </span>
     <span class='ocr_line' id='line_1_15' title="bbox 80 1581 1860 1662; baseline 0 -19"><span class='ocrx_word' id='word_1_182' title='bbox 80 1597 120 1644; x_wconf 90' lang='lat' dir='ltr'><strong>ro</strong></span> <span class='ocrx_word' id='word_1_183' title='bbox 134 1584 214 1654; x_wconf 87' lang='lat' dir='ltr'><strong>auri,</strong></span> <span class='ocrx_word' id='word_1_184' title='bbox 232 1583 350 1661; x_wconf 88' lang='lat' dir='ltr'><strong>argenti</strong></span> <span class='ocrx_word' id='word_1_185' title='bbox 379 1589 410 1644; x_wconf 88' lang='lat' dir='ltr'><strong>el</strong></span> <span class='ocrx_word' id='word_1_186' title='bbox 425 1583 561 1662; x_wconf 87' lang='lat' dir='ltr'><strong>lapidum</strong></span> <span class='ocrx_word' id='word_1_187' title='bbox 577 1584 780 1662; x_wconf 89' lang='lat' dir='ltr'><strong>pretiosorum</strong></span> <span class='ocrx_word' id='word_1_188' title='bbox 797 1583 948 1661; x_wconf 87' lang='lat' dir='ltr'><strong>intelliga-</strong></span> <span class='ocrx_word' id='word_1_189' title='bbox 991 1584 1074 1646; x_wconf 89' lang='lat' dir='ltr'><strong>diem</strong></span> <span class='ocrx_word' id='word_1_190' title='bbox 1089 1598 1161 1646; x_wconf 87' lang='lat' dir='ltr'><strong>esse</strong></span> <span class='ocrx_word' id='word_1_191' title='bbox 1177 1583 1259 1644; x_wconf 91' lang='lat' dir='ltr'><strong>diem</strong></span> <span class='ocrx_word' id='word_1_192' title='bbox 1272 1581 1393 1661; x_wconf 87' lang='lat' dir='ltr'><strong>jodicii;</strong></span> <span class='ocrx_word' id='word_1_193' title='bbox 1408 1584 1479 1646; x_wconf 89' lang='lat' dir='ltr'><strong>ticet</strong></span> <span class='ocrx_word' id='word_1_194' title='bbox 1506 1581 1588 1644; x_wconf 92' lang='lat' dir='ltr'><strong>enim</strong></span> <span class='ocrx_word' id='word_1_195' title='bbox 1614 1582 1803 1660; x_wconf 73' lang='lat' dir='ltr'><strong>Augustinus</strong></span> <span class='ocrx_word' id='word_1_196' title='bbox 1828 1587 1860 1644; x_wconf 93' lang='lat' dir='ltr'><strong>et</strong></span> 
     </span>
     <span class='ocr_line' id='line_1_16' title="bbox 83 1663 1860 1743; baseline 0.001 -20"><span class='ocrx_word' id='word_1_197' title='bbox 83 1669 138 1724; x_wconf 91' lang='lat' dir='ltr'><strong>tur</strong></span> <span class='ocrx_word' id='word_1_198' title='bbox 153 1663 291 1726; x_wconf 86' lang='lat' dir='ltr'><strong>doctrine</strong></span> <span class='ocrx_word' id='word_1_199' title='bbox 314 1663 398 1728; x_wconf 83' lang='lat' dir='ltr'><strong>eritis</strong></span> <span class='ocrx_word' id='word_1_200' title='bbox 413 1670 444 1726; x_wconf 87' lang='lat' dir='ltr'><strong>et</strong></span> <span class='ocrx_word' id='word_1_201' title='bbox 457 1665 600 1726; x_wconf 89' lang='lat' dir='ltr'><strong>saluteris</strong></span> <span class='ocrx_word' id='word_1_202' title='bbox 615 1665 745 1726; x_wconf 85' lang='lat' dir='ltr'><strong>alterurn</strong></span> <span class='ocrx_word' id='word_1_203' title='bbox 759 1664 948 1741; x_wconf 83' lang='lat' dir='ltr'><strong>praedicate·</strong></span> <span class='ocrx_word' id='word_1_204' title='bbox 994 1664 1159 1743; x_wconf 79' lang='lat' dir='ltr'><strong>Gregorius</strong></span> <span class='ocrx_word' id='word_1_205' title='bbox 1175 1664 1336 1726; x_wconf 89' lang='lat' dir='ltr'><strong>decuerint</strong></span> <span class='ocrx_word' id='word_1_206' title='bbox 1351 1679 1444 1742; x_wconf 89' lang='lat' dir='ltr'><strong>pesse</strong></span> <span class='ocrx_word' id='word_1_207' title='bbox 1466 1663 1547 1725; x_wconf 92' lang='lat' dir='ltr'><strong>diem</strong></span> <span class='ocrx_word' id='word_1_208' title='bbox 1575 1663 1657 1723; x_wconf 93' lang='lat' dir='ltr'><strong>illam</strong></span> <span class='ocrx_word' id='word_1_209' title='bbox 1685 1663 1793 1728; x_wconf 87' lang='lat' dir='ltr'><strong>reterri</strong></span> <span class='ocrx_word' id='word_1_210' title='bbox 1822 1664 1860 1724; x_wconf 88' lang='lat' dir='ltr'><strong>ad</strong></span> 
     </span>
     <span class='ocr_line' id='line_1_17' title="bbox 82 1745 1859 1824; baseline 0.001 -20"><span class='ocrx_word' id='word_1_211' title='bbox 82 1760 170 1816; x_wconf 89' lang='lat' dir='ltr'><strong>rum,</strong></span> <span class='ocrx_word' id='word_1_212' title='bbox 186 1745 307 1823; x_wconf 89' lang='lat' dir='ltr'><strong>quiens</strong></span> <span class='ocrx_word' id='word_1_213' title='bbox 323 1745 445 1818; x_wconf 90' lang='lat' dir='ltr'><strong>docent,</strong></span> <span class='ocrx_word' id='word_1_214' title='bbox 464 1747 515 1823; x_wconf 91' lang='lat' dir='ltr'><strong>qui</strong></span> <span class='ocrx_word' id='word_1_215' title='bbox 529 1745 593 1824; x_wconf 89' lang='lat' dir='ltr'><strong>jem</strong></span> <span class='ocrx_word' id='word_1_216' title='bbox 615 1745 706 1808; x_wconf 88' lang='lat' dir='ltr'><strong>tidem</strong></span> <span class='ocrx_word' id='word_1_217' title='bbox 736 1751 947 1822; x_wconf 85' lang='lat' dir='ltr'><strong>receperunt,</strong></span> <span class='ocrx_word' id='word_1_218' title='bbox 991 1747 1073 1808; x_wconf 89' lang='lat' dir='ltr'><strong>banc</strong></span> <span class='ocrx_word' id='word_1_219' title='bbox 1087 1746 1190 1818; x_wconf 83' lang='lat' dir='ltr'><strong>ritem,</strong></span> <span class='ocrx_word' id='word_1_220' title='bbox 1208 1746 1355 1808; x_wconf 90' lang='lat' dir='ltr'><strong>tamenin</strong></span> <span class='ocrx_word' id='word_1_221' title='bbox 1381 1745 1499 1806; x_wconf 89' lang='lat' dir='ltr'><strong>eisdem</strong></span> <span class='ocrx_word' id='word_1_222' title='bbox 1528 1745 1606 1807; x_wconf 91' lang='lat' dir='ltr'><strong>locis</strong></span> <span class='ocrx_word' id='word_1_223' title='bbox 1632 1745 1755 1812; x_wconf 84' lang='lat' dir='ltr'><strong>docent,</strong></span> <span class='ocrx_word' id='word_1_224' title='bbox 1769 1745 1859 1806; x_wconf 90' lang='lat' dir='ltr'><strong>eliam</strong></span> 
     </span>
     <span class='ocr_line' id='line_1_18' title="bbox 83 1825 1859 1907; baseline -0.001 -21"><span class='ocrx_word' id='word_1_225' title='bbox 83 1833 119 1886; x_wconf 89' lang='lat' dir='ltr'><strong>et</strong></span> <span class='ocrx_word' id='word_1_226' title='bbox 134 1829 248 1888; x_wconf 88' lang='lat' dir='ltr'><strong>decent</strong></span> <span class='ocrx_word' id='word_1_227' title='bbox 263 1843 324 1888; x_wconf 84' lang='lat' dir='ltr'><strong>tren</strong></span> <span class='ocrx_word' id='word_1_228' title='bbox 340 1827 442 1890; x_wconf 91' lang='lat' dir='ltr'><strong>solum</strong></span> <span class='ocrx_word' id='word_1_229' title='bbox 458 1827 621 1890; x_wconf 81' lang='lat' dir='ltr'><strong>ecroused</strong></span> <span class='ocrx_word' id='word_1_230' title='bbox 634 1827 724 1890; x_wconf 90' lang='lat' dir='ltr'><strong>etium</strong></span> <span class='ocrx_word' id='word_1_231' title='bbox 738 1833 892 1904; x_wconf 87' lang='lat' dir='ltr'><strong>cxcrnplo‚</strong></span> <span class='ocrx_word' id='word_1_232' title='bbox 910 1827 948 1887; x_wconf 91' lang='lat' dir='ltr'><strong>ita</strong></span> <span class='ocrx_word' id='word_1_233' title='bbox 992 1844 1087 1907; x_wconf 92' lang='lat' dir='ltr'><strong>pesse</strong></span> <span class='ocrx_word' id='word_1_234' title='bbox 1103 1827 1232 1906; x_wconf 82' lang='lat' dir='ltr'><strong>intelligi</strong></span> <span class='ocrx_word' id='word_1_235' title='bbox 1248 1827 1287 1888; x_wconf 91' lang='lat' dir='ltr'><strong>de</strong></span> <span class='ocrx_word' id='word_1_236' title='bbox 1300 1833 1438 1906; x_wconf 89' lang='lat' dir='ltr'><strong>tempore</strong></span> <span class='ocrx_word' id='word_1_237' title='bbox 1450 1827 1551 1888; x_wconf 85' lang='lat' dir='ltr'><strong>tuturo</strong></span> <span class='ocrx_word' id='word_1_238' title='bbox 1568 1831 1637 1902; x_wconf 89' lang='lat' dir='ltr'><strong>pest</strong></span> <span class='ocrx_word' id='word_1_239' title='bbox 1663 1825 1741 1886; x_wconf 89' lang='lat' dir='ltr'><strong>bano</strong></span> <span class='ocrx_word' id='word_1_240' title='bbox 1756 1827 1859 1888; x_wconf 84' lang='lat' dir='ltr'><strong>vitum.</strong></span> 
     </span>
     <span class='ocr_line' id='line_1_19' title="bbox 85 1907 1860 1988; baseline 0 -21"><span class='ocrx_word' id='word_1_241' title='bbox 85 1914 123 1967; x_wconf 96' lang='grc' dir='ltr'><strong>ιιι</strong></span> <span class='ocrx_word' id='word_1_242' title='bbox 137 1923 209 1968; x_wconf 87' lang='lat' dir='ltr'><strong>vore</strong></span> <span class='ocrx_word' id='word_1_243' title='bbox 224 1909 380 1969; x_wconf 86' lang='lat' dir='ltr'><strong>auditores</strong></span> <span class='ocrx_word' id='word_1_244' title='bbox 402 1923 477 1969; x_wconf 91' lang='lat' dir='ltr'><strong>sues</strong></span> <span class='ocrx_word' id='word_1_245' title='bbox 493 1909 668 1979; x_wconf 79' lang='lat' dir='ltr'><strong>additional,</strong></span> <span class='ocrx_word' id='word_1_246' title='bbox 694 1915 726 1970; x_wconf 90' lang='lat' dir='ltr'><strong>et</strong></span> <span class='ocrx_word' id='word_1_247' title='bbox 752 1914 950 1988; x_wconf 84' lang='lat' dir='ltr'><strong>promoveant</strong></span> <span class='ocrx_word' id='word_1_248' title='bbox 992 1909 1103 1972; x_wconf 86' lang='lat' dir='ltr'><strong>Verum</strong></span> <span class='ocrx_word' id='word_1_249' title='bbox 1127 1925 1197 1970; x_wconf 91' lang='lat' dir='ltr'><strong>curn</strong></span> <span class='ocrx_word' id='word_1_250' title='bbox 1213 1907 1281 1969; x_wconf 87' lang='lat' dir='ltr'><strong>dies</strong></span> <span class='ocrx_word' id='word_1_251' title='bbox 1295 1908 1402 1980; x_wconf 83' lang='lat' dir='ltr'><strong>iudicii</strong></span> <span class='ocrx_word' id='word_1_252' title='bbox 1416 1908 1654 1984; x_wconf 87' lang='lat' dir='ltr'><strong>silduplex,una</strong></span> <span class='ocrx_word' id='word_1_253' title='bbox 1670 1907 1739 1968; x_wconf 89' lang='lat' dir='ltr'><strong>dics</strong></span> <span class='ocrx_word' id='word_1_254' title='bbox 1750 1907 1860 1986; x_wconf 86' lang='lat' dir='ltr'><strong>judicii</strong></span> 
     </span>
     <span class='ocr_line' id='line_1_20' title="bbox 85 1987 1860 2070; baseline 0.001 -22"><span class='ocrx_word' id='word_1_255' title='bbox 85 1989 121 2048; x_wconf 90' lang='lat' dir='ltr'><strong>in</strong></span> <span class='ocrx_word' id='word_1_256' title='bbox 137 1989 287 2068; x_wconf 89' lang='lat' dir='ltr'><strong>religione</strong></span> <span class='ocrx_word' id='word_1_257' title='bbox 303 1996 333 2052; x_wconf 91' lang='lat' dir='ltr'><strong>et</strong></span> <span class='ocrx_word' id='word_1_258' title='bbox 344 1987 469 2067; x_wconf 88' lang='lat' dir='ltr'><strong>pictate.</strong></span> <span class='ocrx_word' id='word_1_259' title='bbox 486 1989 614 2052; x_wconf 89' lang='lat' dir='ltr'><strong>Nomine</strong></span> <span class='ocrx_word' id='word_1_260' title='bbox 629 1994 732 2054; x_wconf 89' lang='lat' dir='ltr'><strong>autem</strong></span> <span class='ocrx_word' id='word_1_261' title='bbox 747 1990 835 2068; x_wconf 88' lang='lat' dir='ltr'><strong>ligni,</strong></span> <span class='ocrx_word' id='word_1_262' title='bbox 867 1989 949 2051; x_wconf 89' lang='lat' dir='ltr'><strong>leoni</strong></span> <span class='ocrx_word' id='word_1_263' title='bbox 993 1989 1198 2070; x_wconf 87' lang='lat' dir='ltr'><strong>particularis,</strong></span> <span class='ocrx_word' id='word_1_264' title='bbox 1215 1991 1307 2052; x_wconf 91' lang='lat' dir='ltr'><strong>allcra</strong></span> <span class='ocrx_word' id='word_1_265' title='bbox 1325 1990 1393 2052; x_wconf 91' lang='lat' dir='ltr'><strong>dies</strong></span> <span class='ocrx_word' id='word_1_266' title='bbox 1403 1988 1513 2069; x_wconf 76' lang='lat' dir='ltr'><strong>iudicii</strong></span> <span class='ocrx_word' id='word_1_267' title='bbox 1525 1987 1860 2066; x_wconf 77' lang='lat' dir='ltr'><strong>universalisquidarn,</strong></span> 
     </span>
     <span class='ocr_line' id='line_1_21' title="bbox 85 2069 1863 2152; baseline 0 -22"><span class='ocrx_word' id='word_1_268' title='bbox 85 2077 120 2130; x_wconf 88' lang='lat' dir='ltr'><strong>et</strong></span> <span class='ocrx_word' id='word_1_269' title='bbox 134 2071 269 2148; x_wconf 81' lang='lat' dir='ltr'><strong>stipulae</strong></span> <span class='ocrx_word' id='word_1_270' title='bbox 285 2070 475 2149; x_wconf 89' lang='lat' dir='ltr'><strong>intelligatur</strong></span> <span class='ocrx_word' id='word_1_271' title='bbox 489 2073 639 2145; x_wconf 88' lang='lat' dir='ltr'><strong>doctrine,</strong></span> <span class='ocrx_word' id='word_1_272' title='bbox 656 2087 718 2134; x_wconf 94' lang='lat' dir='ltr'><strong>nen</strong></span> <span class='ocrx_word' id='word_1_273' title='bbox 734 2073 860 2149; x_wconf 89' lang='lat' dir='ltr'><strong>quidem</strong></span> <span class='ocrx_word' id='word_1_274' title='bbox 873 2071 951 2132; x_wconf 90' lang='lat' dir='ltr'><strong>bac·</strong></span> <span class='ocrx_word' id='word_1_275' title='bbox 993 2079 1028 2136; x_wconf 90' lang='lat' dir='ltr'><strong>ul</strong></span> <span class='ocrx_word' id='word_1_276' title='bbox 1043 2073 1207 2152; x_wconf 85' lang='lat' dir='ltr'><strong>anelanus</strong></span> <span class='ocrx_word' id='word_1_277' title='bbox 1236 2078 1266 2132; x_wconf 92' lang='lat' dir='ltr'><strong>et</strong></span> <span class='ocrx_word' id='word_1_278' title='bbox 1288 2071 1352 2141; x_wconf 88' lang='lat' dir='ltr'><strong>alii,</strong></span> <span class='ocrx_word' id='word_1_279' title='bbox 1369 2071 1485 2144; x_wconf 84' lang='lat' dir='ltr'><strong>retunt,</strong></span> <span class='ocrx_word' id='word_1_280' title='bbox 1509 2070 1682 2148; x_wconf 91' lang='lat' dir='ltr'><strong>apostolum</strong></span> <span class='ocrx_word' id='word_1_281' title='bbox 1713 2069 1796 2146; x_wconf 91' lang='lat' dir='ltr'><strong>loqui</strong></span> <span class='ocrx_word' id='word_1_282' title='bbox 1823 2071 1863 2131; x_wconf 89' lang='lat' dir='ltr'><strong>de</strong></span> 
     </span>
     <span class='ocr_line' id='line_1_22' title="bbox 84 2150 1864 2232; baseline 0 -21"><span class='ocrx_word' id='word_1_283' title='bbox 84 2153 196 2226; x_wconf 88' lang='lat' dir='ltr'><strong>retica,</strong></span> <span class='ocrx_word' id='word_1_284' title='bbox 213 2153 262 2214; x_wconf 88' lang='lat' dir='ltr'><strong>rel</strong></span> <span class='ocrx_word' id='word_1_285' title='bbox 277 2153 370 2224; x_wconf 89' lang='lat' dir='ltr'><strong>mela,</strong></span> <span class='ocrx_word' id='word_1_286' title='bbox 386 2153 442 2214; x_wconf 90' lang='lat' dir='ltr'><strong>sed</strong></span> <span class='ocrx_word' id='word_1_287' title='bbox 459 2161 559 2215; x_wconf 89' lang='lat' dir='ltr'><strong>lamen</strong></span> <span class='ocrx_word' id='word_1_288' title='bbox 576 2154 709 2227; x_wconf 89' lang='lat' dir='ltr'><strong>curiosa,</strong></span> <span class='ocrx_word' id='word_1_289' title='bbox 741 2151 882 2226; x_wconf 88' lang='lat' dir='ltr'><strong>inutilis,</strong></span> <span class='ocrx_word' id='word_1_290' title='bbox 899 2169 950 2214; x_wconf 93' lang='lat' dir='ltr'><strong>su·</strong></span> <span class='ocrx_word' id='word_1_291' title='bbox 994 2156 1046 2216; x_wconf 92' lang='lat' dir='ltr'><strong>die</strong></span> <span class='ocrx_word' id='word_1_292' title='bbox 1058 2155 1167 2232; x_wconf 86' lang='lat' dir='ltr'><strong>judieii</strong></span> <span class='ocrx_word' id='word_1_293' title='bbox 1184 2153 1390 2231; x_wconf 87' lang='lat' dir='ltr'><strong>particularis.</strong></span> <span class='ocrx_word' id='word_1_294' title='bbox 1405 2152 1517 2214; x_wconf 81' lang='lat' dir='ltr'><strong>Primo:</strong></span> <span class='ocrx_word' id='word_1_295' title='bbox 1535 2150 1683 2224; x_wconf 85' lang='lat' dir='ltr'><strong>Quoniam</strong></span> <span class='ocrx_word' id='word_1_296' title='bbox 1700 2157 1770 2228; x_wconf 89' lang='lat' dir='ltr'><strong>post</strong></span> <span class='ocrx_word' id='word_1_297' title='bbox 1784 2152 1864 2214; x_wconf 89' lang='lat' dir='ltr'><strong>banc</strong></span> 
     </span>
     <span class='ocr_line' id='line_1_23' title="bbox 84 2232 1864 2314; baseline -0.001 -20"><span class='ocrx_word' id='word_1_298' title='bbox 84 2247 279 2310; x_wconf 82' lang='lat' dir='ltr'><strong>pervacanea</strong></span> <span class='ocrx_word' id='word_1_299' title='bbox 294 2249 400 2296; x_wconf 91' lang='lat' dir='ltr'><strong>eorum</strong></span> <span class='ocrx_word' id='word_1_300' title='bbox 415 2233 676 2312; x_wconf 86' lang='lat' dir='ltr'><strong>praedicatorum,</strong></span> <span class='ocrx_word' id='word_1_301' title='bbox 692 2237 746 2311; x_wconf 92' lang='lat' dir='ltr'><strong>qui</strong></span> <span class='ocrx_word' id='word_1_302' title='bbox 768 2235 805 2294; x_wconf 91' lang='lat' dir='ltr'><strong>ed</strong></span> <span class='ocrx_word' id='word_1_303' title='bbox 822 2233 949 2296; x_wconf 89' lang='lat' dir='ltr'><strong>oatbeti·</strong></span> <span class='ocrx_word' id='word_1_304' title='bbox 998 2237 1093 2310; x_wconf 86' lang='lat' dir='ltr'><strong>diem,</strong></span> <span class='ocrx_word' id='word_1_305' title='bbox 1107 2235 1145 2296; x_wconf 94' lang='lat' dir='ltr'><strong>de</strong></span> <span class='ocrx_word' id='word_1_306' title='bbox 1158 2251 1219 2314; x_wconf 91' lang='lat' dir='ltr'><strong>quc</strong></span> <span class='ocrx_word' id='word_1_307' title='bbox 1235 2235 1393 2312; x_wconf 87' lang='lat' dir='ltr'><strong>apestolus</strong></span> <span class='ocrx_word' id='word_1_308' title='bbox 1409 2234 1544 2308; x_wconf 90' lang='lat' dir='ltr'><strong>loquitur</strong></span> <span class='ocrx_word' id='word_1_309' title='bbox 1560 2279 1569 2306; x_wconf 88' lang='lat'><strong>‚</strong></span> <span class='ocrx_word' id='word_1_310' title='bbox 1597 2232 1690 2310; x_wconf 75' lang='lat' dir='ltr'><strong>antiqui</strong></span> <span class='ocrx_word' id='word_1_311' title='bbox 1712 2233 1864 2311; x_wconf 88' lang='lat' dir='ltr'><strong>purgandi</strong></span> 
     </span>
     <span class='ocr_line' id='line_1_24' title="bbox 85 2313 1864 2396; baseline 0.001 -22"><span class='ocrx_word' id='word_1_312' title='bbox 85 2329 161 2375; x_wconf 91' lang='lat' dir='ltr'><strong>cum</strong></span> <span class='ocrx_word' id='word_1_313' title='bbox 181 2315 330 2393; x_wconf 90' lang='lat' dir='ltr'><strong>populum</strong></span> <span class='ocrx_word' id='word_1_314' title='bbox 345 2313 497 2378; x_wconf 86' lang='lat' dir='ltr'><strong>oatlrolioe</strong></span> <span class='ocrx_word' id='word_1_315' title='bbox 511 2315 744 2389; x_wconf 83' lang='lat' dir='ltr'><strong>concionantur,</strong></span> <span class='ocrx_word' id='word_1_316' title='bbox 760 2315 815 2376; x_wconf 91' lang='lat' dir='ltr'><strong>sed</strong></span> <span class='ocrx_word' id='word_1_317' title='bbox 832 2315 950 2391; x_wconf 87' lang='lat' dir='ltr'><strong>absque</strong></span> <span class='ocrx_word' id='word_1_318' title='bbox 997 2325 1069 2380; x_wconf 88' lang='lat' dir='ltr'><strong>sunt</strong></span> <span class='ocrx_word' id='word_1_319' title='bbox 1084 2331 1141 2396; x_wconf 90' lang='lat' dir='ltr'><strong>per</strong></span> <span class='ocrx_word' id='word_1_320' title='bbox 1155 2317 1260 2395; x_wconf 88' lang='lat' dir='ltr'><strong>ignem</strong></span> <span class='ocrx_word' id='word_1_321' title='bbox 1271 2333 1280 2393; x_wconf 85' lang='lat'>3</span> <span class='ocrx_word' id='word_1_322' title='bbox 1293 2317 1323 2378; x_wconf 95' lang='lat' dir='ltr'><strong>id</strong></span> <span class='ocrx_word' id='word_1_323' title='bbox 1339 2331 1411 2378; x_wconf 88' lang='lat' dir='ltr'><strong>rere</strong></span> <span class='ocrx_word' id='word_1_324' title='bbox 1426 2315 1495 2378; x_wconf 85' lang='lat' dir='ltr'><strong>beri</strong></span> <span class='ocrx_word' id='word_1_325' title='bbox 1508 2331 1569 2376; x_wconf 94' lang='lat' dir='ltr'><strong>non</strong></span> <span class='ocrx_word' id='word_1_326' title='bbox 1583 2319 1684 2393; x_wconf 86' lang='lat' dir='ltr'><strong>polest</strong></span> <span class='ocrx_word' id='word_1_327' title='bbox 1696 2320 1767 2390; x_wconf 91' lang='lat' dir='ltr'><strong>pesl</strong></span> <span class='ocrx_word' id='word_1_328' title='bbox 1781 2313 1864 2376; x_wconf 91' lang='lat' dir='ltr'><strong>diem</strong></span> 
     </span>
     <span class='ocr_line' id='line_1_25' title="bbox 86 2395 1233 2476; baseline 0.001 -20"><span class='ocrx_word' id='word_1_329' title='bbox 86 2411 128 2457; x_wconf 89' lang='lat' dir='ltr'><strong>ce</strong></span> <span class='ocrx_word' id='word_1_330' title='bbox 143 2396 244 2457; x_wconf 90' lang='lat' dir='ltr'><strong>truclu</strong></span> <span class='ocrx_word' id='word_1_331' title='bbox 260 2404 290 2456; x_wconf 85' lang='lat' dir='ltr'><strong>el</strong></span> <span class='ocrx_word' id='word_1_332' title='bbox 305 2397 446 2470; x_wconf 87' lang='lat' dir='ltr'><strong>utilitato,</strong></span> <span class='ocrx_word' id='word_1_333' title='bbox 463 2411 552 2474; x_wconf 92' lang='lat' dir='ltr'><strong>quam</strong></span> <span class='ocrx_word' id='word_1_334' title='bbox 570 2395 652 2458; x_wconf 85' lang='lat' dir='ltr'><strong>Deus</strong></span> <span class='ocrx_word' id='word_1_335' title='bbox 668 2397 849 2474; x_wconf 88' lang='lat' dir='ltr'><strong>requirit,ita</strong></span> <span class='ocrx_word' id='word_1_336' title='bbox 866 2403 899 2458; x_wconf 93' lang='grc' dir='ltr'><strong>ιιι</strong></span> <span class='ocrx_word' id='word_1_337' title='bbox 910 2397 950 2458; x_wconf 88' lang='lat' dir='ltr'><strong>si·</strong></span> <span class='ocrx_word' id='word_1_338' title='bbox 998 2401 1096 2463; x_wconf 87' lang='lat' dir='ltr'><strong>ultimi</strong></span> <span class='ocrx_word' id='word_1_339' title='bbox 1111 2398 1233 2476; x_wconf 87' lang='lat' dir='ltr'><strong>judicit.</strong></span> 
     </span>
     <span class='ocr_line' id='line_1_26' title="bbox 84 2477 1864 2556; baseline 0.002 -20"><span class='ocrx_word' id='word_1_340' title='bbox 84 2483 140 2537; x_wconf 93' lang='lat' dir='ltr'><strong>out</strong></span> <span class='ocrx_word' id='word_1_341' title='bbox 156 2479 275 2555; x_wconf 81' lang='lat' dir='ltr'><strong>priores</strong></span> <span class='ocrx_word' id='word_1_342' title='bbox 290 2494 360 2540; x_wconf 92' lang='lat' dir='ltr'><strong>cum</strong></span> <span class='ocrx_word' id='word_1_343' title='bbox 377 2493 488 2556; x_wconf 90' lang='lat' dir='ltr'><strong>magne</strong></span> <span class='ocrx_word' id='word_1_344' title='bbox 509 2478 617 2538; x_wconf 84' lang='lat' dir='ltr'><strong>merito</strong></span> <span class='ocrx_word' id='word_1_345' title='bbox 647 2479 869 2539; x_wconf 89' lang='lat' dir='ltr'><strong>concionentur</strong></span> <span class='ocrx_word' id='word_1_346' title='bbox 885 2524 893 2549; x_wconf 89' lang='lat'><strong>‚</strong></span> <span class='ocrx_word' id='word_1_347' title='bbox 911 2477 951 2542; x_wconf 88' lang='lat' dir='ltr'><strong>ita</strong></span> <span class='ocrx_word' id='word_1_348' title='bbox 1038 2479 1197 2543; x_wconf 87' lang='lat' dir='ltr'><strong>Secunde:</strong></span> <span class='ocrx_word' id='word_1_349' title='bbox 1216 2477 1291 2556; x_wconf 86' lang='lat' dir='ltr'><strong>Quia</strong></span> <span class='ocrx_word' id='word_1_350' title='bbox 1309 2480 1335 2540; x_wconf 90' lang='lat' dir='ltr'><strong>si</strong></span> <span class='ocrx_word' id='word_1_351' title='bbox 1351 2479 1429 2540; x_wconf 94' lang='lat' dir='ltr'><strong>bcec</strong></span> <span class='ocrx_word' id='word_1_352' title='bbox 1451 2478 1530 2548; x_wconf 89' lang='lat' dir='ltr'><strong>dies,</strong></span> <span class='ocrx_word' id='word_1_353' title='bbox 1554 2478 1592 2541; x_wconf 89' lang='lat' dir='ltr'><strong>de</strong></span> <span class='ocrx_word' id='word_1_354' title='bbox 1620 2495 1680 2556; x_wconf 89' lang='lat' dir='ltr'><strong>qua</strong></span> <span class='ocrx_word' id='word_1_355' title='bbox 1705 2477 1864 2554; x_wconf 90' lang='lat' dir='ltr'><strong>apostolus</strong></span> 
     </span>
     <span class='ocr_line' id='line_1_27' title="bbox 87 2558 1866 2640; baseline -0.002 -20"><span class='ocrx_word' id='word_1_356' title='bbox 87 2558 142 2620; x_wconf 90' lang='lat' dir='ltr'><strong>isti</strong></span> <span class='ocrx_word' id='word_1_357' title='bbox 159 2574 220 2619; x_wconf 92' lang='lat' dir='ltr'><strong>neu</strong></span> <span class='ocrx_word' id='word_1_358' title='bbox 237 2561 337 2621; x_wconf 87' lang='lat' dir='ltr'><strong>solum</strong></span> <span class='ocrx_word' id='word_1_359' title='bbox 352 2561 547 2636; x_wconf 67' lang='lat' dir='ltr'><strong>sioebuagne</strong></span> <span class='ocrx_word' id='word_1_360' title='bbox 562 2558 683 2630; x_wconf 88' lang='lat' dir='ltr'><strong>nrerile,</strong></span> <span class='ocrx_word' id='word_1_361' title='bbox 700 2559 862 2622; x_wconf 86' lang='lat' dir='ltr'><strong>sedetiam</strong></span> <span class='ocrx_word' id='word_1_362' title='bbox 889 2575 950 2620; x_wconf 91' lang='lat' dir='ltr'><strong>nen</strong></span> <span class='ocrx_word' id='word_1_363' title='bbox 997 2562 1146 2640; x_wconf 85' lang='lat' dir='ltr'><strong>loquitur,</strong></span> <span class='ocrx_word' id='word_1_364' title='bbox 1163 2567 1249 2623; x_wconf 87' lang='lat' dir='ltr'><strong>esset</strong></span> <span class='ocrx_word' id='word_1_365' title='bbox 1264 2561 1331 2622; x_wconf 89' lang='lat' dir='ltr'><strong>dies</strong></span> <span class='ocrx_word' id='word_1_366' title='bbox 1346 2560 1445 2622; x_wconf 87' lang='lat' dir='ltr'><strong>ultimi</strong></span> <span class='ocrx_word' id='word_1_367' title='bbox 1458 2559 1584 2638; x_wconf 85' lang='lat' dir='ltr'><strong>judicii,</strong></span> <span class='ocrx_word' id='word_1_368' title='bbox 1602 2565 1784 2636; x_wconf 84' lang='lat' dir='ltr'><strong>sequeretur</strong></span> <span class='ocrx_word' id='word_1_369' title='bbox 1799 2559 1866 2618; x_wconf 93' lang='lat' dir='ltr'><strong>nul-</strong></span> 
     </span>
     <span class='ocr_line' id='line_1_28' title="bbox 86 2639 1865 2721; baseline -0.001 -20"><span class='ocrx_word' id='word_1_370' title='bbox 86 2642 158 2701; x_wconf 91' lang='lat' dir='ltr'><strong>sino</strong></span> <span class='ocrx_word' id='word_1_371' title='bbox 175 2640 311 2718; x_wconf 90' lang='lat' dir='ltr'><strong>pcccatis</strong></span> <span class='ocrx_word' id='word_1_372' title='bbox 326 2639 498 2703; x_wconf 78' lang='lat' dir='ltr'><strong>venialibus</strong></span> <span class='ocrx_word' id='word_1_373' title='bbox 520 2640 755 2702; x_wconf 89' lang='lat' dir='ltr'><strong>concionentur.</strong></span> <span class='ocrx_word' id='word_1_374' title='bbox 996 2645 1060 2706; x_wconf 89' lang='lat' dir='ltr'><strong>lum</strong></span> <span class='ocrx_word' id='word_1_375' title='bbox 1073 2649 1249 2706; x_wconf 90' lang='lat' dir='ltr'><strong>sanctorum</strong></span> <span class='ocrx_word' id='word_1_376' title='bbox 1267 2641 1388 2720; x_wconf 77' lang='lat' dir='ltr'><strong>ingredi</strong></span> <span class='ocrx_word' id='word_1_377' title='bbox 1403 2657 1497 2721; x_wconf 89' lang='lat' dir='ltr'><strong>posse</strong></span> <span class='ocrx_word' id='word_1_378' title='bbox 1512 2641 1542 2700; x_wconf 92' lang='lat' dir='ltr'><strong>in</strong></span> <span class='ocrx_word' id='word_1_379' title='bbox 1559 2641 1679 2702; x_wconf 86' lang='lat' dir='ltr'><strong>coelum</strong></span> <span class='ocrx_word' id='word_1_380' title='bbox 1701 2644 1771 2700; x_wconf 89' lang='lat' dir='ltr'><strong>ente</strong></span> <span class='ocrx_word' id='word_1_381' title='bbox 1783 2639 1865 2700; x_wconf 91' lang='lat' dir='ltr'><strong>diem</strong></span> 
     </span>
     <span class='ocr_line' id='line_1_29' title="bbox 131 2719 1864 2806; baseline 0.001 -25"><span class='ocrx_word' id='word_1_382' title='bbox 131 2719 212 2782; x_wconf 84' lang='lat' dir='ltr'><strong>Haec</strong></span> <span class='ocrx_word' id='word_1_383' title='bbox 226 2722 378 2799; x_wconf 81' lang='lat' dir='ltr'><strong>expositio</strong></span> <span class='ocrx_word' id='word_1_384' title='bbox 400 2723 534 2783; x_wconf 84' lang='lat' dir='ltr'><strong>maxime</strong></span> <span class='ocrx_word' id='word_1_385' title='bbox 556 2721 702 2798; x_wconf 90' lang='lat' dir='ltr'><strong>probetur</strong></span> <span class='ocrx_word' id='word_1_386' title='bbox 730 2728 856 2801; x_wconf 90' lang='lat' dir='ltr'><strong>proptor</strong></span> <span class='ocrx_word' id='word_1_387' title='bbox 883 2721 950 2785; x_wconf 90' lang='lat' dir='ltr'><strong>trie.</strong></span> <span class='ocrx_word' id='word_1_388' title='bbox 994 2725 1116 2806; x_wconf 85' lang='lat' dir='ltr'><strong>judicii,</strong></span> <span class='ocrx_word' id='word_1_389' title='bbox 1135 2725 1186 2803; x_wconf 93' lang='lat' dir='ltr'><strong>qui</strong></span> <span class='ocrx_word' id='word_1_390' title='bbox 1203 2731 1347 2785; x_wconf 89' lang='lat' dir='ltr'><strong>esterror</strong></span> <span class='ocrx_word' id='word_1_391' title='bbox 1361 2725 1522 2784; x_wconf 73' lang='lat' dir='ltr'><strong>clementes</strong></span> <span class='ocrx_word' id='word_1_392' title='bbox 1537 2721 1568 2782; x_wconf 94' lang='lat' dir='ltr'><strong>in</strong></span> <span class='ocrx_word' id='word_1_393' title='bbox 1584 2721 1717 2783; x_wconf 90' lang='lat' dir='ltr'><strong>concilio</strong></span> <span class='ocrx_word' id='word_1_394' title='bbox 1741 2720 1864 2782; x_wconf 83' lang='lat' dir='ltr'><strong>nerent.</strong></span> 
     </span>
     <span class='ocr_line' id='line_1_30' title="bbox 85 2801 1865 2883; baseline 0.001 -19"><span class='ocrx_word' id='word_1_395' title='bbox 85 2802 201 2864; x_wconf 88' lang='lat' dir='ltr'><strong>Primo:</strong></span> <span class='ocrx_word' id='word_1_396' title='bbox 216 2803 292 2876; x_wconf 88' lang='lat' dir='ltr'><strong>Quia</strong></span> <span class='ocrx_word' id='word_1_397' title='bbox 306 2801 571 2883; x_wconf 89' lang='lat' dir='ltr'><strong>(utostendimcs)</strong></span> <span class='ocrx_word' id='word_1_398' title='bbox 588 2804 712 2866; x_wconf 93' lang='lat' dir='ltr'><strong>nomina</strong></span> <span class='ocrx_word' id='word_1_399' title='bbox 725 2803 952 2866; x_wconf 80' lang='lat' dir='ltr'><strong>aedificantium</strong></span> <span class='ocrx_word' id='word_1_400' title='bbox 999 2823 1081 2870; x_wconf 87' lang='lat' dir='ltr'><strong>sess.</strong></span> <span class='ocrx_word' id='word_1_401' title='bbox 1094 2808 1150 2868; x_wconf 92' lang='lat' dir='ltr'><strong>ult.</strong></span> <span class='ocrx_word' id='word_1_402' title='bbox 1167 2805 1394 2882; x_wconf 79' lang='lat' dir='ltr'><strong>Consequentia</strong></span> <span class='ocrx_word' id='word_1_403' title='bbox 1409 2804 1554 2882; x_wconf 88' lang='lat' dir='ltr'><strong>probatur</strong></span> <span class='ocrx_word' id='word_1_404' title='bbox 1570 2821 1579 2878; x_wconf 82' lang='lat'>3</span> <span class='ocrx_word' id='word_1_405' title='bbox 1596 2801 1668 2864; x_wconf 85' lang='lat' dir='ltr'><strong>llam</strong></span> <span class='ocrx_word' id='word_1_406' title='bbox 1684 2803 1715 2862; x_wconf 96' lang='lat' dir='ltr'><strong>in</strong></span> <span class='ocrx_word' id='word_1_407' title='bbox 1741 2801 1800 2863; x_wconf 93' lang='lat' dir='ltr'><strong>bac</strong></span> <span class='ocrx_word' id='word_1_408' title='bbox 1815 2802 1865 2865; x_wconf 89' lang='lat' dir='ltr'><strong>die</strong></span> 
     </span>
     <span class='ocr_line' id='line_1_31' title="bbox 87 2884 1868 2966; baseline 0 -22"><span class='ocrx_word' id='word_1_409' title='bbox 87 2885 305 2962; x_wconf 90' lang='lat' dir='ltr'><strong>intelligentur</strong></span> <span class='ocrx_word' id='word_1_410' title='bbox 320 2884 378 2946; x_wconf 93' lang='lat' dir='ltr'><strong>seli</strong></span> <span class='ocrx_word' id='word_1_411' title='bbox 394 2885 548 2958; x_wconf 89' lang='lat' dir='ltr'><strong>docturos,</strong></span> <span class='ocrx_word' id='word_1_412' title='bbox 565 2901 640 2966; x_wconf 88' lang='lat' dir='ltr'><strong>ergo</strong></span> <span class='ocrx_word' id='word_1_413' title='bbox 654 2886 777 2947; x_wconf 90' lang='lat' dir='ltr'><strong>nomino</strong></span> <span class='ocrx_word' id='word_1_414' title='bbox 790 2885 896 2964; x_wconf 90' lang='lat' dir='ltr'><strong>operis</strong></span> <span class='ocrx_word' id='word_1_415' title='bbox 907 2886 952 2964; x_wconf 92' lang='lat' dir='ltr'><strong>ip·</strong></span> <span class='ocrx_word' id='word_1_416' title='bbox 998 2897 1071 2952; x_wconf 91' lang='lat' dir='ltr'><strong>sunt</strong></span> <span class='ocrx_word' id='word_1_417' title='bbox 1083 2887 1283 2950; x_wconf 84' lang='lat' dir='ltr'><strong>examinando</strong></span> <span class='ocrx_word' id='word_1_418' title='bbox 1299 2886 1401 2946; x_wconf 91' lang='lat' dir='ltr'><strong>omnia</strong></span> <span class='ocrx_word' id='word_1_419' title='bbox 1424 2884 1583 2955; x_wconf 90' lang='lat' dir='ltr'><strong>aedilicia,</strong></span> <span class='ocrx_word' id='word_1_420' title='bbox 1601 2890 1717 2962; x_wconf 82' lang='lat' dir='ltr'><strong>etpost</strong></span> <span class='ocrx_word' id='word_1_421' title='bbox 1737 2897 1868 2946; x_wconf 84' lang='lat' dir='ltr'><strong>oramen</strong></span> 
     </span>
     <span class='ocr_line' id='line_1_32' title="bbox 89 2964 1868 3050; baseline 0.002 -26"><span class='ocrx_word' id='word_1_422' title='bbox 89 2981 199 3027; x_wconf 85' lang='lat' dir='ltr'><strong>serum</strong></span> <span class='ocrx_word' id='word_1_423' title='bbox 221 2966 353 3043; x_wconf 88' lang='lat' dir='ltr'><strong>intelligi</strong></span> <span class='ocrx_word' id='word_1_424' title='bbox 367 2967 461 3028; x_wconf 88' lang='lat' dir='ltr'><strong>debet</strong></span> <span class='ocrx_word' id='word_1_425' title='bbox 472 2966 623 3038; x_wconf 73' lang='lat' dir='ltr'><strong>doctrine,</strong></span> <span class='ocrx_word' id='word_1_426' title='bbox 998 2971 1092 3050; x_wconf 90' lang='lat' dir='ltr'><strong>aliqui</strong></span> <span class='ocrx_word' id='word_1_427' title='bbox 1106 2970 1207 3032; x_wconf 85' lang='lat' dir='ltr'><strong>statim</strong></span> <span class='ocrx_word' id='word_1_428' title='bbox 1222 2967 1405 3040; x_wconf 88' lang='lat' dir='ltr'><strong>coronandi,</strong></span> <span class='ocrx_word' id='word_1_429' title='bbox 1420 2967 1513 3044; x_wconf 91' lang='lat' dir='ltr'><strong>aliqui</strong></span> <span class='ocrx_word' id='word_1_430' title='bbox 1531 2965 1693 3045; x_wconf 86' lang='lat' dir='ltr'><strong>puniendi.</strong></span> <span class='ocrx_word' id='word_1_431' title='bbox 1706 2964 1868 3028; x_wconf 84' lang='lat' dir='ltr'><strong>Praeterea</strong></span> 
     </span>
     <span class='ocr_line' id='line_1_33' title="bbox 133 3046 1865 3130; baseline 0 -22"><span class='ocrx_word' id='word_1_432' title='bbox 133 3047 291 3110; x_wconf 87' lang='lat' dir='ltr'><strong>Secunde:</strong></span> <span class='ocrx_word' id='word_1_433' title='bbox 311 3046 387 3120; x_wconf 80' lang='lat' dir='ltr'><strong>Quin</strong></span> <span class='ocrx_word' id='word_1_434' title='bbox 404 3048 491 3108; x_wconf 88' lang='lat' dir='ltr'><strong>ealda</strong></span> <span class='ocrx_word' id='word_1_435' title='bbox 507 3049 654 3110; x_wconf 81' lang='lat' dir='ltr'><strong>corruenit</strong></span> <span class='ocrx_word' id='word_1_436' title='bbox 678 3048 755 3110; x_wconf 83' lang='lat' dir='ltr'><strong>leaeo</strong></span> <span class='ocrx_word' id='word_1_437' title='bbox 781 3047 951 3110; x_wconf 85' lang='lat' dir='ltr'><strong>similitudo</strong></span> <span class='ocrx_word' id='word_1_438' title='bbox 1000 3069 1070 3116; x_wconf 93' lang='lat' dir='ltr'><strong>oum</strong></span> <span class='ocrx_word' id='word_1_439' title='bbox 1087 3052 1162 3114; x_wconf 90' lang='lat' dir='ltr'><strong>nibil</strong></span> <span class='ocrx_word' id='word_1_440' title='bbox 1180 3049 1372 3130; x_wconf 88' lang='lat' dir='ltr'><strong>inquinatum</strong></span> <span class='ocrx_word' id='word_1_441' title='bbox 1388 3049 1480 3110; x_wconf 86' lang='lat' dir='ltr'><strong>introi</strong></span> <span class='ocrx_word' id='word_1_442' title='bbox 1495 3049 1526 3109; x_wconf 90' lang='lat' dir='ltr'><strong>in</strong></span> <span class='ocrx_word' id='word_1_443' title='bbox 1548 3062 1678 3125; x_wconf 89' lang='lat' dir='ltr'><strong>regnum</strong></span> <span class='ocrx_word' id='word_1_444' title='bbox 1694 3047 1865 3118; x_wconf 86' lang='lat' dir='ltr'><strong>coctorum,</strong></span> 
     </span>
     <span class='ocr_line' id='line_1_34' title="bbox 91 3127 1869 3212; baseline 0.001 -23"><span class='ocrx_word' id='word_1_445' title='bbox 91 3129 139 3189; x_wconf 91' lang='lat' dir='ltr'><strong>sic</strong></span> <span class='ocrx_word' id='word_1_446' title='bbox 155 3129 305 3208; x_wconf 84' lang='lat' dir='ltr'><strong>explicatu</strong></span> <span class='ocrx_word' id='word_1_447' title='bbox 320 3130 499 3190; x_wconf 86' lang='lat' dir='ltr'><strong>doctoribus</strong></span> <span class='ocrx_word' id='word_1_448' title='bbox 514 3129 747 3192; x_wconf 82' lang='lat' dir='ltr'><strong>corinthiorum.</strong></span> <span class='ocrx_word' id='word_1_449' title='bbox 765 3129 857 3190; x_wconf 80' lang='lat' dir='ltr'><strong>lirant</strong></span> <span class='ocrx_word' id='word_1_450' title='bbox 869 3131 952 3192; x_wconf 93' lang='lat' dir='ltr'><strong>enim</strong></span> <span class='ocrx_word' id='word_1_451' title='bbox 1000 3135 1025 3197; x_wconf 92' lang='lat' dir='ltr'><strong>si</strong></span> <span class='ocrx_word' id='word_1_452' title='bbox 1044 3133 1184 3212; x_wconf 88' lang='lat' dir='ltr'><strong>purgatio</strong></span> <span class='ocrx_word' id='word_1_453' title='bbox 1197 3150 1212 3193; x_wconf 91' lang='lat' dir='ltr'><strong>a</strong></span> <span class='ocrx_word' id='word_1_454' title='bbox 1225 3131 1399 3194; x_wconf 82' lang='lat' dir='ltr'><strong>venialibus</strong></span> <span class='ocrx_word' id='word_1_455' title='bbox 1415 3146 1478 3190; x_wconf 93' lang='lat' dir='ltr'><strong>non</strong></span> <span class='ocrx_word' id='word_1_456' title='bbox 1501 3129 1599 3200; x_wconf 87' lang='lat' dir='ltr'><strong>lieret,</strong></span> <span class='ocrx_word' id='word_1_457' title='bbox 1617 3127 1677 3189; x_wconf 91' lang='lat' dir='ltr'><strong>nisi</strong></span> <span class='ocrx_word' id='word_1_458' title='bbox 1694 3128 1724 3188; x_wconf 94' lang='lat' dir='ltr'><strong>in</strong></span> <span class='ocrx_word' id='word_1_459' title='bbox 1750 3127 1801 3189; x_wconf 91' lang='lat' dir='ltr'><strong>die</strong></span> <span class='ocrx_word' id='word_1_460' title='bbox 1822 3129 1869 3190; x_wconf 89' lang='lat' dir='ltr'><strong>el·</strong></span> 
     </span>
     <span class='ocr_line' id='line_1_35' title="bbox 91 3207 1896 3294; baseline -0.003 -24"><span class='ocrx_word' id='word_1_461' title='bbox 91 3211 276 3288; x_wconf 87' lang='lat' dir='ltr'><strong>plusaequo</strong></span> <span class='ocrx_word' id='word_1_462' title='bbox 305 3211 401 3271; x_wconf 91' lang='lat' dir='ltr'><strong>dediti</strong></span> <span class='ocrx_word' id='word_1_463' title='bbox 428 3210 623 3286; x_wconf 85' lang='lat' dir='ltr'><strong>eloquentiae</strong></span> <span class='ocrx_word' id='word_1_464' title='bbox 653 3216 684 3272; x_wconf 92' lang='lat' dir='ltr'><strong>et</strong></span> <span class='ocrx_word' id='word_1_465' title='bbox 708 3211 951 3288; x_wconf 83' lang='lat' dir='ltr'><strong>plritesupbiac,</strong></span> <span class='ocrx_word' id='word_1_466' title='bbox 1000 3217 1065 3278; x_wconf 91' lang='lat' dir='ltr'><strong>timi</strong></span> <span class='ocrx_word' id='word_1_467' title='bbox 1079 3213 1202 3294; x_wconf 77' lang='lat' dir='ltr'><strong>Judicii,</strong></span> <span class='ocrx_word' id='word_1_468' title='bbox 1219 3228 1330 3274; x_wconf 91' lang='lat' dir='ltr'><strong>omnes</strong></span> <span class='ocrx_word' id='word_1_469' title='bbox 1352 3211 1405 3290; x_wconf 93' lang='lat' dir='ltr'><strong>qui</strong></span> <span class='ocrx_word' id='word_1_470' title='bbox 1432 3225 1502 3272; x_wconf 88' lang='lat' dir='ltr'><strong>eum</strong></span> <span class='ocrx_word' id='word_1_471' title='bbox 1524 3207 1696 3272; x_wconf 82' lang='lat' dir='ltr'><strong>venialibus</strong></span> <span class='ocrx_word' id='word_1_472' title='bbox 1722 3209 1795 3270; x_wconf 70' lang='lat' dir='ltr'><strong>hino</strong></span> <span class='ocrx_word' id='word_1_473' title='bbox 1812 3209 1866 3270; x_wconf 73' lang='lat' dir='ltr'><strong>mi.</strong></span> <span class='ocrx_word' id='word_1_474' title='bbox 1894 3257 1896 3265; x_wconf 93' lang='lat'><em>.</em></span> 
     </span>
     <span class='ocr_line' id='line_1_36' title="bbox 90 3289 1869 3377; baseline 0.001 -27"><span class='ocrx_word' id='word_1_475' title='bbox 90 3308 173 3368; x_wconf 88' lang='lat' dir='ltr'><strong>quae</strong></span> <span class='ocrx_word' id='word_1_476' title='bbox 187 3293 259 3352; x_wconf 62' lang='lat' dir='ltr'><strong>tirtel</strong></span> <span class='ocrx_word' id='word_1_477' title='bbox 271 3309 308 3352; x_wconf 81' lang='lat' dir='ltr'><strong>ex</strong></span> <span class='ocrx_word' id='word_1_478' title='bbox 324 3308 358 3353; x_wconf 93' lang='lat' dir='ltr'><strong>sc</strong></span> <span class='ocrx_word' id='word_1_479' title='bbox 371 3291 594 3370; x_wconf 78' lang='lat' dir='ltr'><strong>jrrvent‚tamen</strong></span> <span class='ocrx_word' id='word_1_480' title='bbox 611 3293 764 3354; x_wconf 87' lang='lat' dir='ltr'><strong>interdum</strong></span> <span class='ocrx_word' id='word_1_481' title='bbox 777 3291 952 3370; x_wconf 86' lang='lat' dir='ltr'><strong>impediunt</strong></span> <span class='ocrx_word' id='word_1_482' title='bbox 1000 3302 1099 3377; x_wconf 86' lang='lat' dir='ltr'><strong>grant,</strong></span> <span class='ocrx_word' id='word_1_483' title='bbox 1118 3293 1442 3373; x_wconf 80' lang='lat' dir='ltr'><strong>expecteredebereul</strong></span> <span class='ocrx_word' id='word_1_484' title='bbox 1455 3306 1524 3354; x_wconf 92' lang='lat' dir='ltr'><strong>eam</strong></span> <span class='ocrx_word' id='word_1_485' title='bbox 1535 3289 1630 3364; x_wconf 88' lang='lat' dir='ltr'><strong>diem,</strong></span> <span class='ocrx_word' id='word_1_486' title='bbox 1647 3295 1811 3371; x_wconf 81' lang='lat' dir='ltr'><strong>antequem</strong></span> <span class='ocrx_word' id='word_1_487' title='bbox 1836 3292 1869 3352; x_wconf 95' lang='lat' dir='ltr'><strong>in</strong></span> 
     </span>
     <span class='ocr_line' id='line_1_37' title="bbox 90 3372 1405 3453; baseline 0.003 -22"><span class='ocrx_word' id='word_1_488' title='bbox 90 3375 224 3432; x_wconf 84' lang='lat' dir='ltr'><strong>trucium</strong></span> <span class='ocrx_word' id='word_1_489' title='bbox 241 3372 438 3449; x_wconf 79' lang='lat' dir='ltr'><strong>concionum3</strong></span> <span class='ocrx_word' id='word_1_490' title='bbox 451 3374 594 3451; x_wconf 88' lang='lat' dir='ltr'><strong>quocirca</strong></span> <span class='ocrx_word' id='word_1_491' title='bbox 610 3373 758 3435; x_wconf 75' lang='lat' dir='ltr'><strong>b.l³aulus</strong></span> <span class='ocrx_word' id='word_1_492' title='bbox 770 3374 809 3436; x_wconf 91' lang='lat' dir='ltr'><strong>de</strong></span> <span class='ocrx_word' id='word_1_493' title='bbox 825 3380 955 3452; x_wconf 86' lang='lat' dir='ltr'><strong>utruque</strong></span> <span class='ocrx_word' id='word_1_494' title='bbox 1001 3379 1122 3442; x_wconf 89' lang='lat' dir='ltr'><strong>eoelum</strong></span> <span class='ocrx_word' id='word_1_495' title='bbox 1139 3378 1253 3438; x_wconf 89' lang='lat' dir='ltr'><strong>intrare</strong></span> <span class='ocrx_word' id='word_1_496' title='bbox 1265 3380 1405 3453; x_wconf 88' lang='lat' dir='ltr'><strong>possent.</strong></span> 
     </span>
     <span class='ocr_line' id='line_1_38' title="bbox 91 3452 1867 3537; baseline 0.001 -24"><span class='ocrx_word' id='word_1_497' title='bbox 91 3455 271 3515; x_wconf 81' lang='lat' dir='ltr'><strong>Curinlbios</strong></span> <span class='ocrx_word' id='word_1_498' title='bbox 285 3457 314 3515; x_wconf 94' lang='lat' dir='ltr'><strong>in</strong></span> <span class='ocrx_word' id='word_1_499' title='bbox 332 3457 388 3516; x_wconf 90' lang='lat' dir='ltr'><strong>bac</strong></span> <span class='ocrx_word' id='word_1_500' title='bbox 403 3455 533 3532; x_wconf 90' lang='lat' dir='ltr'><strong>epistola</strong></span> <span class='ocrx_word' id='word_1_501' title='bbox 550 3455 761 3530; x_wconf 82' lang='lat' dir='ltr'><strong>reprebenrlit.</strong></span> <span class='ocrx_word' id='word_1_502' title='bbox 1042 3458 1156 3524; x_wconf 77' lang='lat' dir='ltr'><strong>Tertio.</strong></span> <span class='ocrx_word' id='word_1_503' title='bbox 1174 3458 1244 3537; x_wconf 88' lang='lat' dir='ltr'><strong>quie</strong></span> <span class='ocrx_word' id='word_1_504' title='bbox 1258 3473 1389 3532; x_wconf 84' lang='lat' dir='ltr'><strong>graecus</strong></span> <span class='ocrx_word' id='word_1_505' title='bbox 1405 3460 1506 3516; x_wconf 85' lang='lat' dir='ltr'><strong>textus</strong></span> <span class='ocrx_word' id='word_1_506' title='bbox 1522 3469 1582 3514; x_wconf 92' lang='lat' dir='ltr'><strong>nnn</strong></span> <span class='ocrx_word' id='word_1_507' title='bbox 1599 3452 1702 3523; x_wconf 90' lang='lat' dir='ltr'><strong>babet,</strong></span> <span class='ocrx_word' id='word_1_508' title='bbox 1716 3452 1867 3514; x_wconf 80' lang='lat' dir='ltr'><strong>revelabi·</strong></span> 
     </span>
     <span class='ocr_line' id='line_1_39' title="bbox 134 3531 1866 3615; baseline 0 -20"><span class='ocrx_word' id='word_1_509' title='bbox 134 3535 256 3597; x_wconf 75' lang='lat' dir='ltr'><strong>lertio:</strong></span> <span class='ocrx_word' id='word_1_510' title='bbox 274 3537 350 3612; x_wconf 79' lang='lat' dir='ltr'><strong>Quia</strong></span> <span class='ocrx_word' id='word_1_511' title='bbox 367 3537 425 3597; x_wconf 94' lang='lat' dir='ltr'><strong>bec</strong></span> <span class='ocrx_word' id='word_1_512' title='bbox 441 3542 535 3597; x_wconf 89' lang='lat' dir='ltr'><strong>lotum</strong></span> <span class='ocrx_word' id='word_1_513' title='bbox 559 3543 651 3614; x_wconf 88' lang='lat' dir='ltr'><strong>caput</strong></span> <span class='ocrx_word' id='word_1_514' title='bbox 678 3537 796 3614; x_wconf 89' lang='lat' dir='ltr'><strong>optime</strong></span> <span class='ocrx_word' id='word_1_515' title='bbox 814 3537 957 3614; x_wconf 78' lang='lat' dir='ltr'><strong>explana·</strong></span> <span class='ocrx_word' id='word_1_516' title='bbox 1001 3549 1062 3614; x_wconf 88' lang='lat' dir='ltr'><strong>tur,</strong></span> <span class='ocrx_word' id='word_1_517' title='bbox 1080 3542 1135 3604; x_wconf 90' lang='lat' dir='ltr'><strong>sed</strong></span> <span class='ocrx_word' id='word_1_518' title='bbox 1155 3539 1318 3600; x_wconf 81' lang='lat' dir='ltr'><strong>recolatur:</strong></span> <span class='ocrx_word' id='word_1_519' title='bbox 1343 3534 1389 3598; x_wconf 85' lang='grc' dir='ltr'>ὄτι</span> <span class='ocrx_word' id='word_1_520' title='bbox 1403 3533 1434 3597; x_wconf 83' lang='grc' dir='ltr'><strong>ἐν</strong></span> <span class='ocrx_word' id='word_1_521' title='bbox 1447 3532 1513 3615; x_wconf 77' lang='lat' dir='ltr'><strong>cept</strong></span> <span class='ocrx_word' id='word_1_522' title='bbox 1526 3531 1775 3602; x_wconf 76' lang='grc' dir='ltr'>ἀποκαλύπτεται,</span> <span class='ocrx_word' id='word_1_523' title='bbox 1790 3551 1866 3612; x_wconf 92' lang='lat' dir='ltr'><strong>quo·</strong></span> 
     </span>
     <span class='ocr_line' id='line_1_40' title="bbox 92 3613 1868 3698; baseline -0.001 -22"><span class='ocrx_word' id='word_1_524' title='bbox 92 3622 155 3690; x_wconf 91' lang='lat' dir='ltr'><strong>tur,</strong></span> <span class='ocrx_word' id='word_1_525' title='bbox 173 3618 199 3677; x_wconf 92' lang='lat' dir='ltr'><strong>si</strong></span> <span class='ocrx_word' id='word_1_526' title='bbox 217 3619 341 3694; x_wconf 85' lang='lat' dir='ltr'><strong>quidcrn</strong></span> <span class='ocrx_word' id='word_1_527' title='bbox 355 3619 387 3680; x_wconf 82' lang='lat' dir='ltr'><strong>b.</strong></span> <span class='ocrx_word' id='word_1_528' title='bbox 404 3618 516 3679; x_wconf 88' lang='lat' dir='ltr'><strong>Paulus</strong></span> <span class='ocrx_word' id='word_1_529' title='bbox 531 3617 562 3679; x_wconf 94' lang='lat' dir='ltr'><strong>in</strong></span> <span class='ocrx_word' id='word_1_530' title='bbox 579 3619 640 3680; x_wconf 89' lang='lat' dir='ltr'><strong>bec</strong></span> <span class='ocrx_word' id='word_1_531' title='bbox 655 3619 756 3690; x_wconf 87' lang='lat' dir='ltr'><strong>cupite</strong></span> <span class='ocrx_word' id='word_1_532' title='bbox 773 3624 834 3680; x_wconf 90' lang='lat' dir='ltr'><strong>tres</strong></span> <span class='ocrx_word' id='word_1_533' title='bbox 850 3619 958 3682; x_wconf 87' lang='lat' dir='ltr'><strong>simili·</strong></span> <span class='ocrx_word' id='word_1_534' title='bbox 1004 3625 1086 3685; x_wconf 91' lang='lat' dir='ltr'><strong>niam</strong></span> <span class='ocrx_word' id='word_1_535' title='bbox 1101 3624 1131 3683; x_wconf 92' lang='lat' dir='ltr'><strong>in</strong></span> <span class='ocrx_word' id='word_1_536' title='bbox 1149 3621 1221 3698; x_wconf 83' lang='lat' dir='ltr'><strong>igne</strong></span> <span class='ocrx_word' id='word_1_537' title='bbox 1237 3615 1400 3680; x_wconf 79' lang='lat' dir='ltr'><strong>revelatur.</strong></span> <span class='ocrx_word' id='word_1_538' title='bbox 1424 3617 1497 3677; x_wconf 86' lang='lat' dir='ltr'><strong>Ilios</strong></span> <span class='ocrx_word' id='word_1_539' title='bbox 1510 3623 1611 3678; x_wconf 88' lang='lat' dir='ltr'><strong>aulem</strong></span> <span class='ocrx_word' id='word_1_540' title='bbox 1639 3613 1737 3675; x_wconf 85' lang='lat' dir='ltr'><strong>ultimi</strong></span> <span class='ocrx_word' id='word_1_541' title='bbox 1756 3615 1868 3693; x_wconf 78' lang='lat' dir='ltr'><strong>judicii</strong></span> 
     </span>
     <span class='ocr_line' id='line_1_41' title="bbox 91 3696 1869 3777; baseline -0.001 -19"><span class='ocrx_word' id='word_1_542' title='bbox 91 3702 217 3759; x_wconf 86' lang='lat' dir='ltr'><strong>ludtnes</strong></span> <span class='ocrx_word' id='word_1_543' title='bbox 230 3698 345 3776; x_wconf 90' lang='lat' dir='ltr'><strong>posuit.</strong></span> <span class='ocrx_word' id='word_1_544' title='bbox 362 3700 505 3772; x_wconf 80' lang='lat' dir='ltr'><strong>Prienam,</strong></span> <span class='ocrx_word' id='word_1_545' title='bbox 523 3700 562 3760; x_wconf 91' lang='lat' dir='ltr'><strong>de</strong></span> <span class='ocrx_word' id='word_1_546' title='bbox 584 3699 729 3777; x_wconf 81' lang='lat' dir='ltr'><strong>agricolis</strong></span> <span class='ocrx_word' id='word_1_547' title='bbox 748 3699 958 3776; x_wconf 88' lang='lat' dir='ltr'><strong>plantantibus</strong></span> <span class='ocrx_word' id='word_1_548' title='bbox 1004 3721 1065 3767; x_wconf 91' lang='lat' dir='ltr'><strong>non</strong></span> <span class='ocrx_word' id='word_1_549' title='bbox 1081 3703 1245 3772; x_wconf 81' lang='lat' dir='ltr'><strong>revelatur,</strong></span> <span class='ocrx_word' id='word_1_550' title='bbox 1260 3715 1334 3776; x_wconf 85' lang='lat' dir='ltr'><strong>erge</strong></span> <span class='ocrx_word' id='word_1_551' title='bbox 1348 3701 1387 3760; x_wconf 89' lang='lat' dir='ltr'><strong>de</strong></span> <span class='ocrx_word' id='word_1_552' title='bbox 1403 3698 1454 3759; x_wconf 90' lang='lat' dir='ltr'><strong>die</strong></span> <span class='ocrx_word' id='word_1_553' title='bbox 1479 3697 1586 3766; x_wconf 84' lang='lat' dir='ltr'><strong>judieii</strong></span> <span class='ocrx_word' id='word_1_554' title='bbox 1613 3696 1809 3773; x_wconf 90' lang='lat' dir='ltr'><strong>particularis</strong></span> <span class='ocrx_word' id='word_1_555' title='bbox 1824 3698 1869 3757; x_wconf 91' lang='lat' dir='ltr'><strong>lo·</strong></span> 
     </span>
     <span class='ocr_line' id='line_1_42' title="bbox 91 3777 1867 3864; baseline -0.001 -24"><span class='ocrx_word' id='word_1_556' title='bbox 91 3782 323 3857; x_wconf 78' lang='lat' dir='ltr'><strong>cingentibus,</strong></span> <span class='ocrx_word' id='word_1_557' title='bbox 340 3799 398 3858; x_wconf 87' lang='lat' dir='ltr'><strong>qua</strong></span> <span class='ocrx_word' id='word_1_558' title='bbox 411 3781 512 3841; x_wconf 90' lang='lat' dir='ltr'><strong>selum</strong></span> <span class='ocrx_word' id='word_1_559' title='bbox 537 3781 638 3847; x_wconf 91' lang='lat' dir='ltr'><strong>bonos</strong></span> <span class='ocrx_word' id='word_1_560' title='bbox 653 3781 796 3844; x_wconf 88' lang='lat' dir='ltr'><strong>dectores</strong></span> <span class='ocrx_word' id='word_1_561' title='bbox 822 3782 959 3858; x_wconf 89' lang='lat' dir='ltr'><strong>comple·</strong></span> <span class='ocrx_word' id='word_1_562' title='bbox 1003 3787 1118 3864; x_wconf 82' lang='lat' dir='ltr'><strong>quilur.</strong></span> <span class='ocrx_word' id='word_1_563' title='bbox 1136 3783 1187 3862; x_wconf 92' lang='lat' dir='ltr'><strong>qui</strong></span> <span class='ocrx_word' id='word_1_564' title='bbox 1204 3779 1337 3858; x_wconf 84' lang='lat' dir='ltr'><strong>singulis</strong></span> <span class='ocrx_word' id='word_1_565' title='bbox 1352 3780 1465 3842; x_wconf 86' lang='lat' dir='ltr'><strong>rliebus</strong></span> <span class='ocrx_word' id='word_1_566' title='bbox 1482 3778 1571 3839; x_wconf 93' lang='lat' dir='ltr'><strong>modo</strong></span> <span class='ocrx_word' id='word_1_567' title='bbox 1588 3777 1652 3848; x_wconf 87' lang='lat' dir='ltr'><strong>uni,</strong></span> <span class='ocrx_word' id='word_1_568' title='bbox 1671 3777 1762 3838; x_wconf 90' lang='lat' dir='ltr'><strong>modo</strong></span> <span class='ocrx_word' id='word_1_569' title='bbox 1778 3778 1867 3839; x_wconf 86' lang='lat' dir='ltr'><strong>atteri</strong></span> 
     </span>
     <span class='ocr_line' id='line_1_43' title="bbox 93 3858 1870 3940; baseline 0 -19"><span class='ocrx_word' id='word_1_570' title='bbox 93 3878 154 3921; x_wconf 83' lang='lat' dir='ltr'><strong>xus</strong></span> <span class='ocrx_word' id='word_1_571' title='bbox 169 3869 228 3922; x_wconf 83' lang='lat' dir='ltr'><strong>ost.</strong></span> <span class='ocrx_word' id='word_1_572' title='bbox 243 3863 473 3935; x_wconf 86' lang='lat' dir='ltr'><strong>Secundarn,oe</strong></span> <span class='ocrx_word' id='word_1_573' title='bbox 485 3861 720 3924; x_wconf 89' lang='lat' dir='ltr'><strong>ecditicentibus</strong></span> <span class='ocrx_word' id='word_1_574' title='bbox 733 3878 828 3940; x_wconf 88' lang='lat' dir='ltr'><strong>super</strong></span> <span class='ocrx_word' id='word_1_575' title='bbox 843 3866 958 3925; x_wconf 91' lang='lat' dir='ltr'><strong>bunum</strong></span> <span class='ocrx_word' id='word_1_576' title='bbox 1005 3864 1290 3930; x_wconf 73' lang='lat' dir='ltr'><strong>revertententes</strong></span> <span class='ocrx_word' id='word_1_577' title='bbox 1305 3867 1406 3923; x_wconf 89' lang='lat' dir='ltr'><strong>lamen</strong></span> <span class='ocrx_word' id='word_1_578' title='bbox 1419 3865 1540 3921; x_wconf 88' lang='lat' dir='ltr'><strong>veteres</strong></span> <span class='ocrx_word' id='word_1_579' title='bbox 1552 3858 1694 3920; x_wconf 86' lang='lat' dir='ltr'><strong>ridentur</strong></span> <span class='ocrx_word' id='word_1_580' title='bbox 1708 3863 1870 3937; x_wconf 88' lang='lat' dir='ltr'><strong>occepisse</strong></span> 
     </span>
     <span class='ocr_line' id='line_1_44' title="bbox 93 3938 1910 4028; baseline -0.001 -24"><span class='ocrx_word' id='word_1_581' title='bbox 93 3943 340 4014; x_wconf 71' lang='lat' dir='ltr'><strong>tundamentum,</strong></span> <span class='ocrx_word' id='word_1_582' title='bbox 357 3960 417 4022; x_wconf 89' lang='lat' dir='ltr'><strong>qua</strong></span> <span class='ocrx_word' id='word_1_583' title='bbox 434 3960 494 4005; x_wconf 87' lang='lat' dir='ltr'><strong>tren</strong></span> <span class='ocrx_word' id='word_1_584' title='bbox 511 3944 612 4005; x_wconf 93' lang='lat' dir='ltr'><strong>selum</strong></span> <span class='ocrx_word' id='word_1_585' title='bbox 636 3943 757 4018; x_wconf 80' lang='lat' dir='ltr'><strong>bonne,</strong></span> <span class='ocrx_word' id='word_1_586' title='bbox 783 3946 839 4006; x_wconf 88' lang='lat' dir='ltr'><strong>sed</strong></span> <span class='ocrx_word' id='word_1_587' title='bbox 867 3947 958 4006; x_wconf 88' lang='lat' dir='ltr'><strong>otiam</strong></span> <span class='ocrx_word' id='word_1_588' title='bbox 1002 3965 1060 4028; x_wconf 92' lang='lat' dir='ltr'><strong>per</strong></span> <span class='ocrx_word' id='word_1_589' title='bbox 1074 3949 1158 4008; x_wconf 90' lang='lat' dir='ltr'><strong>ittam</strong></span> <span class='ocrx_word' id='word_1_590' title='bbox 1174 3945 1273 4015; x_wconf 89' lang='lat' dir='ltr'><strong>diem,</strong></span> <span class='ocrx_word' id='word_1_591' title='bbox 1290 3942 1371 4004; x_wconf 88' lang='lat' dir='ltr'><strong>diem</strong></span> <span class='ocrx_word' id='word_1_592' title='bbox 1388 3938 1628 4018; x_wconf 65' lang='lat' dir='ltr'><strong>ultimijudicii,</strong></span> <span class='ocrx_word' id='word_1_593' title='bbox 1643 3946 1676 4000; x_wconf 93' lang='grc' dir='ltr'><strong>ιιι</strong></span> <span class='ocrx_word' id='word_1_594' title='bbox 1692 3940 1869 4002; x_wconf 77' lang='lat' dir='ltr'><strong>Tireedore·</strong></span> <span class='ocrx_word' id='word_1_595' title='bbox 1907 3975 1910 3982; x_wconf 89' lang='lat'><em>.</em></span> 
     </span>
     <span class='ocr_line' id='line_1_45' title="bbox 91 4020 1871 4106; baseline -0.001 -22"><span class='ocrx_word' id='word_1_596' title='bbox 91 4024 192 4086; x_wconf 86' lang='lat' dir='ltr'><strong>malos</strong></span> <span class='ocrx_word' id='word_1_597' title='bbox 208 4027 352 4086; x_wconf 88' lang='lat' dir='ltr'><strong>doctores</strong></span> <span class='ocrx_word' id='word_1_598' title='bbox 365 4025 613 4102; x_wconf 79' lang='lat' dir='ltr'><strong>comprehendit.</strong></span> <span class='ocrx_word' id='word_1_599' title='bbox 632 4025 781 4098; x_wconf 74' lang='lat' dir='ltr'><strong>tertiam,</strong></span> <span class='ocrx_word' id='word_1_600' title='bbox 800 4028 838 4089; x_wconf 90' lang='lat' dir='ltr'><strong>dc</strong></span> <span class='ocrx_word' id='word_1_601' title='bbox 855 4043 959 4088; x_wconf 89' lang='lat' dir='ltr'><strong>corru-</strong></span> <span class='ocrx_word' id='word_1_602' title='bbox 1004 4037 1066 4104; x_wconf 86' lang='lat' dir='ltr'><strong>lus,</strong></span> <span class='ocrx_word' id='word_1_603' title='bbox 1083 4027 1340 4106; x_wconf 70' lang='lat' dir='ltr'><strong>Tbeepbiiaotus</strong></span> <span class='ocrx_word' id='word_1_604' title='bbox 1359 4025 1524 4084; x_wconf 77' lang='lat' dir='ltr'><strong>inselmus</strong></span> <span class='ocrx_word' id='word_1_605' title='bbox 1549 4025 1580 4082; x_wconf 90' lang='lat' dir='ltr'><strong>ei</strong></span> <span class='ocrx_word' id='word_1_606' title='bbox 1594 4020 1659 4092; x_wconf 90' lang='lat' dir='ltr'><strong>atii,</strong></span> <span class='ocrx_word' id='word_1_607' title='bbox 1672 4035 1802 4099; x_wconf 86' lang='lat' dir='ltr'><strong>quorum</strong></span> <span class='ocrx_word' id='word_1_608' title='bbox 1816 4023 1871 4084; x_wconf 91' lang='lat' dir='ltr'><strong>mi-</strong></span> 
     </span>
     <span class='ocr_line' id='line_1_46' title="bbox 90 4101 1872 4184; baseline 0.001 -19"><span class='ocrx_word' id='word_1_609' title='bbox 90 4106 369 4184; x_wconf 72' lang='lat' dir='ltr'><strong>ptoribudtempli.</strong></span> <span class='ocrx_word' id='word_1_610' title='bbox 387 4123 446 4184; x_wconf 89' lang='lat' dir='ltr'><strong>qua</strong></span> <span class='ocrx_word' id='word_1_611' title='bbox 463 4106 548 4168; x_wconf 87' lang='lat' dir='ltr'><strong>solos</strong></span> <span class='ocrx_word' id='word_1_612' title='bbox 564 4106 661 4168; x_wconf 89' lang='lat' dir='ltr'><strong>mulos</strong></span> <span class='ocrx_word' id='word_1_613' title='bbox 674 4108 823 4169; x_wconf 89' lang='lat' dir='ltr'><strong>contineri</strong></span> <span class='ocrx_word' id='word_1_614' title='bbox 838 4107 932 4168; x_wconf 86' lang='lat' dir='ltr'><strong>reluil</strong></span> <span class='ocrx_word' id='word_1_615' title='bbox 948 4153 956 4182; x_wconf 94' lang='lat'><strong>‚</strong></span> <span class='ocrx_word' id='word_1_616' title='bbox 1004 4113 1036 4174; x_wconf 88' lang='lat' dir='ltr'><strong>hi</strong></span> <span class='ocrx_word' id='word_1_617' title='bbox 1050 4111 1170 4171; x_wconf 88' lang='lat' dir='ltr'><strong>ridetur</strong></span> <span class='ocrx_word' id='word_1_618' title='bbox 1186 4107 1344 4169; x_wconf 87' lang='lat' dir='ltr'><strong>verissima</strong></span> <span class='ocrx_word' id='word_1_619' title='bbox 1358 4103 1523 4177; x_wconf 87' lang='lat' dir='ltr'><strong>sententia,</strong></span> <span class='ocrx_word' id='word_1_620' title='bbox 1545 4101 1685 4180; x_wconf 83' lang='lat' dir='ltr'><strong>quamvis</strong></span> <span class='ocrx_word' id='word_1_621' title='bbox 1701 4109 1809 4164; x_wconf 89' lang='lat' dir='ltr'><strong>neutro</strong></span> <span class='ocrx_word' id='word_1_622' title='bbox 1824 4119 1872 4166; x_wconf 89' lang='lat' dir='ltr'><strong>re·</strong></span> 
     </span>
     <span class='ocr_line' id='line_1_47' title="bbox 92 4187 1330 4274; baseline 0 -26"><span class='ocrx_word' id='word_1_623' title='bbox 92 4190 236 4248; x_wconf 83' lang='lat' dir='ltr'><strong>etmatcs</strong></span> <span class='ocrx_word' id='word_1_624' title='bbox 251 4203 311 4248; x_wconf 93' lang='lat' dir='ltr'><strong>nen</strong></span> <span class='ocrx_word' id='word_1_625' title='bbox 329 4187 620 4266; x_wconf 89' lang='lat' dir='ltr'><strong>quomodocumque</strong></span> <span class='ocrx_word' id='word_1_626' title='bbox 639 4232 648 4260; x_wconf 89' lang='lat'><strong>,</strong></span> <span class='ocrx_word' id='word_1_627' title='bbox 671 4189 727 4250; x_wconf 92' lang='lat' dir='ltr'><strong>sed</strong></span> <span class='ocrx_word' id='word_1_628' title='bbox 744 4191 879 4266; x_wconf 88' lang='lat' dir='ltr'><strong>perieotc</strong></span> <span class='ocrx_word' id='word_1_629' title='bbox 895 4206 956 4250; x_wconf 93' lang='lat' dir='ltr'><strong>ma·</strong></span> <span class='ocrx_word' id='word_1_630' title='bbox 1004 4197 1123 4274; x_wconf 86' lang='lat' dir='ltr'><strong>pugnet</strong></span> <span class='ocrx_word' id='word_1_631' title='bbox 1141 4190 1330 4268; x_wconf 86' lang='lat' dir='ltr'><strong>purgatorie.</strong></span> 
     </span>
     <span class='ocr_line' id='line_1_48' title="bbox 91 4263 1871 4348; baseline -0.001 -20"><span class='ocrx_word' id='word_1_632' title='bbox 91 4269 153 4339; x_wconf 90' lang='lat' dir='ltr'><strong>tes,</strong></span> <span class='ocrx_word' id='word_1_633' title='bbox 170 4276 203 4328; x_wconf 89' lang='lat' dir='ltr'><strong>ul</strong></span> <span class='ocrx_word' id='word_1_634' title='bbox 217 4270 403 4340; x_wconf 89' lang='lat' dir='ltr'><strong>lracretieos,</strong></span> <span class='ocrx_word' id='word_1_635' title='bbox 421 4285 543 4332; x_wconf 92' lang='lat' dir='ltr'><strong>errores</strong></span> <span class='ocrx_word' id='word_1_636' title='bbox 555 4285 610 4346; x_wconf 90' lang='lat' dir='ltr'><strong>pro</strong></span> <span class='ocrx_word' id='word_1_637' title='bbox 626 4270 800 4342; x_wconf 63' lang='lat' dir='ltr'><strong>veritatemi</strong></span> <span class='ocrx_word' id='word_1_638' title='bbox 818 4269 885 4331; x_wconf 83' lang='lat' dir='ltr'><strong>citio</strong></span> <span class='ocrx_word' id='word_1_639' title='bbox 901 4285 957 4348; x_wconf 90' lang='lat' dir='ltr'><strong>pre</strong></span> <span class='ocrx_word' id='word_1_640' title='bbox 1045 4274 1159 4334; x_wconf 88' lang='lat' dir='ltr'><strong>Primo:</strong></span> <span class='ocrx_word' id='word_1_641' title='bbox 1176 4271 1253 4343; x_wconf 86' lang='lat' dir='ltr'><strong>eria</strong></span> <span class='ocrx_word' id='word_1_642' title='bbox 1270 4269 1388 4348; x_wconf 91' lang='lat' dir='ltr'><strong>ubique</strong></span> <span class='ocrx_word' id='word_1_643' title='bbox 1410 4268 1440 4330; x_wconf 94' lang='lat' dir='ltr'><strong>in</strong></span> <span class='ocrx_word' id='word_1_644' title='bbox 1457 4263 1623 4344; x_wconf 90' lang='lat' dir='ltr'><strong>Scripturis</strong></span> <span class='ocrx_word' id='word_1_645' title='bbox 1638 4265 1707 4325; x_wconf 89' lang='lat' dir='ltr'><strong>dies</strong></span> <span class='ocrx_word' id='word_1_646' title='bbox 1721 4263 1844 4326; x_wconf 88' lang='lat' dir='ltr'><strong>bomini</strong></span> <span class='ocrx_word' id='word_1_647' title='bbox 1862 4309 1871 4340; x_wconf 87' lang='lat'><strong>,</strong></span> 
     </span>
     <span class='ocr_line' id='line_1_49' title="bbox 92 4349 1500 4434; baseline 0.001 -27"><span class='ocrx_word' id='word_1_648' title='bbox 92 4351 258 4412; x_wconf 79' lang='lat' dir='ltr'><strong>virtutibus</strong></span> <span class='ocrx_word' id='word_1_649' title='bbox 271 4353 431 4422; x_wconf 87' lang='lat' dir='ltr'><strong>docentes.</strong></span> <span class='ocrx_word' id='word_1_650' title='bbox 449 4351 487 4412; x_wconf 92' lang='lat' dir='ltr'><strong>de</strong></span> <span class='ocrx_word' id='word_1_651' title='bbox 505 4352 618 4428; x_wconf 89' lang='lat' dir='ltr'><strong>quibus</strong></span> <span class='ocrx_word' id='word_1_652' title='bbox 636 4367 696 4412; x_wconf 93' lang='lat' dir='ltr'><strong>nec</strong></span> <span class='ocrx_word' id='word_1_653' title='bbox 713 4351 883 4430; x_wconf 75' lang='lat' dir='ltr'><strong>dicitquod</strong></span> <span class='ocrx_word' id='word_1_654' title='bbox 900 4353 958 4412; x_wconf 90' lang='lat' dir='ltr'><strong>sal·</strong></span> <span class='ocrx_word' id='word_1_655' title='bbox 1004 4353 1159 4434; x_wconf 83' lang='lat' dir='ltr'><strong>signifieat</strong></span> <span class='ocrx_word' id='word_1_656' title='bbox 1172 4352 1254 4413; x_wconf 89' lang='lat' dir='ltr'><strong>diem</strong></span> <span class='ocrx_word' id='word_1_657' title='bbox 1268 4349 1365 4412; x_wconf 91' lang='lat' dir='ltr'><strong>ultimi</strong></span> <span class='ocrx_word' id='word_1_658' title='bbox 1379 4349 1500 4428; x_wconf 87' lang='lat' dir='ltr'><strong>judicii.</strong></span> 
     </span>
     <span class='ocr_line' id='line_1_50' title="bbox 92 4426 1870 4513; baseline -0.001 -23"><span class='ocrx_word' id='word_1_659' title='bbox 92 4433 121 4491; x_wconf 84' lang='lat' dir='ltr'><strong>vi</strong></span> <span class='ocrx_word' id='word_1_660' title='bbox 136 4439 236 4508; x_wconf 92' lang='lat' dir='ltr'><strong>erunt,</strong></span> <span class='ocrx_word' id='word_1_661' title='bbox 253 4434 340 4510; x_wconf 88' lang='lat' dir='ltr'><strong>quasi</strong></span> <span class='ocrx_word' id='word_1_662' title='bbox 358 4449 412 4512; x_wconf 83' lang='lat' dir='ltr'><strong>per</strong></span> <span class='ocrx_word' id='word_1_663' title='bbox 425 4433 599 4513; x_wconf 85' lang='lat' dir='ltr'><strong>igneur‚sed</strong></span> <span class='ocrx_word' id='word_1_664' title='bbox 616 4433 698 4511; x_wconf 88' lang='lat' dir='ltr'><strong>qued</strong></span> <span class='ocrx_word' id='word_1_665' title='bbox 715 4433 876 4512; x_wconf 87' lang='lat' dir='ltr'><strong>disperdet</strong></span> <span class='ocrx_word' id='word_1_666' title='bbox 888 4434 960 4496; x_wconf 91' lang='lat' dir='ltr'><strong>illos</strong></span> <span class='ocrx_word' id='word_1_667' title='bbox 1045 4434 1213 4497; x_wconf 82' lang='lat' dir='ltr'><strong>Secundo:</strong></span> <span class='ocrx_word' id='word_1_668' title='bbox 1231 4433 1305 4506; x_wconf 88' lang='lat' dir='ltr'><strong>Quia</strong></span> <span class='ocrx_word' id='word_1_669' title='bbox 1319 4431 1475 4492; x_wconf 88' lang='lat' dir='ltr'><strong>dieiturln</strong></span> <span class='ocrx_word' id='word_1_670' title='bbox 1489 4427 1539 4490; x_wconf 81' lang='lat' dir='ltr'><strong>itte</strong></span> <span class='ocrx_word' id='word_1_671' title='bbox 1556 4427 1629 4499; x_wconf 89' lang='lat' dir='ltr'><strong>die,</strong></span> <span class='ocrx_word' id='word_1_672' title='bbox 1646 4443 1709 4504; x_wconf 89' lang='lat' dir='ltr'><strong>quo</strong></span> <span class='ocrx_word' id='word_1_673' title='bbox 1725 4426 1870 4505; x_wconf 88' lang='lat' dir='ltr'><strong>designa·</strong></span> 
     </span>
     <span class='ocr_line' id='line_1_51' title="bbox 92 4507 1873 4594; baseline -0.012 -4"><span class='ocrx_word' id='word_1_674' title='bbox 92 4513 187 4575; x_wconf 73' lang='lat'>⁰⁰⁰⁸·</span> <span class='ocrx_word' id='word_1_675' title='bbox 1006 4524 1056 4580; x_wconf 89' lang='lat' dir='ltr'><strong>lor</strong></span> <span class='ocrx_word' id='word_1_676' title='bbox 1068 4533 1128 4578; x_wconf 90' lang='lat' dir='ltr'><strong>unn</strong></span> <span class='ocrx_word' id='word_1_677' title='bbox 1145 4514 1294 4594; x_wconf 88' lang='lat' dir='ltr'><strong>quaedem</strong></span> <span class='ocrx_word' id='word_1_678' title='bbox 1306 4519 1388 4574; x_wconf 88' lang='lat' dir='ltr'><strong>certe</strong></span> <span class='ocrx_word' id='word_1_679' title='bbox 1400 4511 1547 4589; x_wconf 75' lang='lat' dir='ltr'><strong>diesque</strong></span> <span class='ocrx_word' id='word_1_680' title='bbox 1560 4507 1697 4569; x_wconf 91' lang='lat' dir='ltr'><strong>omniurn</strong></span> <span class='ocrx_word' id='word_1_681' title='bbox 1711 4507 1873 4570; x_wconf 88' lang='lat' dir='ltr'><strong>hominum</strong></span> 
     </span>
     <span class='ocr_line' id='line_1_52' title="bbox 136 4588 1873 4678; baseline -0.002 -25"><span class='ocrx_word' id='word_1_682' title='bbox 136 4595 237 4656; x_wconf 82' lang='lat' dir='ltr'><strong>&#39;tortia</strong></span> <span class='ocrx_word' id='word_1_683' title='bbox 250 4595 416 4660; x_wconf 89' lang='lat' dir='ltr'><strong>dillloultcs</strong></span> <span class='ocrx_word' id='word_1_684' title='bbox 440 4604 488 4660; x_wconf 89' lang='lat' dir='ltr'><strong>est</strong></span> <span class='ocrx_word' id='word_1_685' title='bbox 513 4595 618 4660; x_wconf 89' lang='lat' dir='ltr'><strong>dedic</strong></span> <span class='ocrx_word' id='word_1_686' title='bbox 635 4596 769 4660; x_wconf 86' lang='lat' dir='ltr'><strong>Domini.</strong></span> <span class='ocrx_word' id='word_1_687' title='bbox 797 4596 899 4675; x_wconf 83' lang='lat' dir='ltr'><strong>Aliqui</strong></span> <span class='ocrx_word' id='word_1_688' title='bbox 917 4597 962 4658; x_wconf 92' lang='lat' dir='ltr'><strong>in·</strong></span> <span class='ocrx_word' id='word_1_689' title='bbox 1006 4615 1100 4678; x_wconf 88' lang='lat' dir='ltr'><strong>opera</strong></span> <span class='ocrx_word' id='word_1_690' title='bbox 1114 4595 1205 4660; x_wconf 91' lang='lat' dir='ltr'><strong>simul</strong></span> <span class='ocrx_word' id='word_1_691' title='bbox 1219 4594 1398 4673; x_wconf 70' lang='lat' dir='ltr'><strong>probantum</strong></span> <span class='ocrx_word' id='word_1_692' title='bbox 1416 4592 1533 4654; x_wconf 78' lang='lat' dir='ltr'><strong>ltdies</strong></span> <span class='ocrx_word' id='word_1_693' title='bbox 1544 4588 1657 4669; x_wconf 83' lang='lat' dir='ltr'><strong>judicii</strong></span> <span class='ocrx_word' id='word_1_694' title='bbox 1679 4589 1873 4667; x_wconf 85' lang='lat' dir='ltr'><strong>particularis</strong></span> 
     </span>
     <span class='ocr_line' id='line_1_53' title="bbox 92 4671 1876 4758; baseline -0.002 -22"><span class='ocrx_word' id='word_1_695' title='bbox 92 4675 240 4754; x_wconf 84' lang='lat' dir='ltr'><strong>tolligunl</strong></span> <span class='ocrx_word' id='word_1_696' title='bbox 252 4680 378 4740; x_wconf 87' lang='lat' dir='ltr'><strong>nominc</strong></span> <span class='ocrx_word' id='word_1_697' title='bbox 393 4679 456 4741; x_wconf 89' lang='lat' dir='ltr'><strong>dici</strong></span> <span class='ocrx_word' id='word_1_698' title='bbox 472 4685 669 4758; x_wconf 85' lang='lat' dir='ltr'><strong>praesentent</strong></span> <span class='ocrx_word' id='word_1_699' title='bbox 686 4679 789 4750; x_wconf 78' lang='lat' dir='ltr'><strong>eirena,</strong></span> <span class='ocrx_word' id='word_1_700' title='bbox 804 4681 869 4740; x_wconf 85' lang='lat' dir='ltr'><strong>sive</strong></span> <span class='ocrx_word' id='word_1_701' title='bbox 887 4683 963 4740; x_wconf 88' lang='lat' dir='ltr'><strong>tem·</strong></span> <span class='ocrx_word' id='word_1_702' title='bbox 1006 4696 1068 4743; x_wconf 90' lang='lat' dir='ltr'><strong>non</strong></span> <span class='ocrx_word' id='word_1_703' title='bbox 1085 4684 1133 4742; x_wconf 90' lang='lat' dir='ltr'><strong>est</strong></span> <span class='ocrx_word' id='word_1_704' title='bbox 1147 4693 1219 4744; x_wconf 86' lang='lat' dir='ltr'><strong>une.</strong></span> <span class='ocrx_word' id='word_1_705' title='bbox 1236 4677 1291 4738; x_wconf 87' lang='lat' dir='ltr'><strong>sed</strong></span> <span class='ocrx_word' id='word_1_706' title='bbox 1308 4675 1480 4753; x_wconf 84' lang='lat' dir='ltr'><strong>multiplex,</strong></span> <span class='ocrx_word' id='word_1_707' title='bbox 1497 4687 1599 4750; x_wconf 89' lang='lat' dir='ltr'><strong>neque</strong></span> <span class='ocrx_word' id='word_1_708' title='bbox 1614 4671 1691 4732; x_wconf 92' lang='lat' dir='ltr'><strong>inea</strong></span> <span class='ocrx_word' id='word_1_709' title='bbox 1706 4671 1876 4748; x_wconf 89' lang='lat' dir='ltr'><strong>probantur</strong></span> 
     </span>
     <span class='ocr_line' id='line_1_54' title="bbox 92 4757 1445 4839; baseline -0.001 -21"><span class='ocrx_word' id='word_1_710' title='bbox 92 4773 154 4836; x_wconf 88' lang='lat' dir='ltr'><strong>pus</strong></span> <span class='ocrx_word' id='word_1_711' title='bbox 175 4758 394 4832; x_wconf 86' lang='lat' dir='ltr'><strong>tribulationis,</strong></span> <span class='ocrx_word' id='word_1_712' title='bbox 412 4761 443 4821; x_wconf 91' lang='lat' dir='ltr'><strong>in</strong></span> <span class='ocrx_word' id='word_1_713' title='bbox 456 4776 517 4839; x_wconf 94' lang='lat' dir='ltr'><strong>quo</strong></span> <span class='ocrx_word' id='word_1_714' title='bbox 533 4760 751 4822; x_wconf 88' lang='lat' dir='ltr'><strong>discernuntur</strong></span> <span class='ocrx_word' id='word_1_715' title='bbox 776 4775 874 4838; x_wconf 89' lang='lat' dir='ltr'><strong>saepe</strong></span> <span class='ocrx_word' id='word_1_716' title='bbox 887 4759 962 4820; x_wconf 92' lang='lat' dir='ltr'><strong>boni</strong></span> <span class='ocrx_word' id='word_1_717' title='bbox 1007 4761 1144 4823; x_wconf 91' lang='lat' dir='ltr'><strong>emnium</strong></span> <span class='ocrx_word' id='word_1_718' title='bbox 1163 4757 1322 4820; x_wconf 90' lang='lat' dir='ltr'><strong>bominem</strong></span> <span class='ocrx_word' id='word_1_719' title='bbox 1339 4773 1445 4834; x_wconf 89' lang='lat' dir='ltr'><strong>opero.</strong></span> 
     </span>
     <span class='ocr_line' id='line_1_55' title="bbox 93 4831 1876 4926; baseline -0.004 -26"><span class='ocrx_word' id='word_1_720' title='bbox 93 4859 109 4900; x_wconf 91' lang='grc' dir='ltr'><strong>ιι</strong></span> <span class='ocrx_word' id='word_1_721' title='bbox 128 4839 229 4913; x_wconf 90' lang='lat' dir='ltr'><strong>matis,</strong></span> <span class='ocrx_word' id='word_1_722' title='bbox 247 4841 286 4900; x_wconf 92' lang='lat' dir='ltr'><strong>ita</strong></span> <span class='ocrx_word' id='word_1_723' title='bbox 302 4841 333 4901; x_wconf 93' lang='lat' dir='ltr'><strong>b.</strong></span> <span class='ocrx_word' id='word_1_724' title='bbox 352 4841 543 4920; x_wconf 75' lang='lat' dir='ltr'><strong>Augustinus</strong></span> <span class='ocrx_word' id='word_1_725' title='bbox 558 4841 613 4903; x_wconf 89' lang='lat' dir='ltr'><strong>lib.</strong></span> <span class='ocrx_word' id='word_1_726' title='bbox 633 4839 745 4904; x_wconf 86' lang='lat' dir='ltr'><strong>deiide</strong></span> <span class='ocrx_word' id='word_1_727' title='bbox 768 4847 798 4902; x_wconf 92' lang='lat' dir='ltr'><strong>et</strong></span> <span class='ocrx_word' id='word_1_728' title='bbox 813 4841 961 4918; x_wconf 89' lang='lat' dir='ltr'><strong>operibus</strong></span> <span class='ocrx_word' id='word_1_729' title='bbox 1048 4840 1162 4904; x_wconf 77' lang='lat' dir='ltr'><strong>Tertio:</strong></span> <span class='ocrx_word' id='word_1_730' title='bbox 1188 4839 1265 4916; x_wconf 82' lang='lat' dir='ltr'><strong>Quia</strong></span> <span class='ocrx_word' id='word_1_731' title='bbox 1281 4839 1356 4900; x_wconf 91' lang='lat' dir='ltr'><strong>dicit</strong></span> <span class='ocrx_word' id='word_1_732' title='bbox 1368 4836 1540 4916; x_wconf 86' lang='lat' dir='ltr'><strong>apostolus:</strong></span> <span class='ocrx_word' id='word_1_733' title='bbox 1567 4833 1641 4896; x_wconf 84' lang='lat' dir='ltr'><strong>Dies</strong></span> <span class='ocrx_word' id='word_1_734' title='bbox 1668 4831 1876 4926; x_wconf 66' lang='lat' dir='ltr'><strong>bominide·</strong></span> 
     </span>
     <span class='ocr_line' id='line_1_56' title="bbox 94 4913 1875 5008; baseline -0.004 -26"><span class='ocrx_word' id='word_1_735' title='bbox 94 4938 165 5000; x_wconf 88' lang='lat' dir='ltr'><strong>cap.</strong></span> <span class='ocrx_word' id='word_1_736' title='bbox 180 4919 231 4982; x_wconf 82' lang='lat' dir='ltr'><strong>ld.</strong></span> <span class='ocrx_word' id='word_1_737' title='bbox 249 4927 279 4983; x_wconf 86' lang='lat' dir='ltr'><strong>et</strong></span> <span class='ocrx_word' id='word_1_738' title='bbox 294 4922 461 5000; x_wconf 84' lang='lat' dir='ltr'><strong>Gregorius</strong></span> <span class='ocrx_word' id='word_1_739' title='bbox 477 4923 534 4984; x_wconf 91' lang='lat' dir='ltr'><strong>lib.</strong></span> <span class='ocrx_word' id='word_1_740' title='bbox 558 4923 589 4984; x_wconf 80' lang='lat' dir='ltr'><strong>l.</strong></span> <span class='ocrx_word' id='word_1_741' title='bbox 606 4922 725 5002; x_wconf 88' lang='lat' dir='ltr'><strong>dieieg.</strong></span> <span class='ocrx_word' id='word_1_742' title='bbox 743 4939 812 5000; x_wconf 90' lang='lat' dir='ltr'><strong>cap.</strong></span> <span class='ocrx_word' id='word_1_743' title='bbox 826 4923 878 4984; x_wconf 81' lang='grc'><strong>99.</strong></span> <span class='ocrx_word' id='word_1_744' title='bbox 1007 4923 1157 4994; x_wconf 81' lang='lat' dir='ltr'><strong>olorcbdl,</strong></span> <span class='ocrx_word' id='word_1_745' title='bbox 1178 4921 1266 4999; x_wconf 92' lang='lat' dir='ltr'><strong>quasi</strong></span> <span class='ocrx_word' id='word_1_746' title='bbox 1283 4921 1374 4993; x_wconf 75' lang='lat' dir='ltr'><strong>(licat,</strong></span> <span class='ocrx_word' id='word_1_747' title='bbox 1393 4927 1466 4982; x_wconf 91' lang='lat' dir='ltr'><strong>tunc</strong></span> <span class='ocrx_word' id='word_1_748' title='bbox 1491 4923 1583 4978; x_wconf 85' lang='lat' dir='ltr'><strong>erunt</strong></span> <span class='ocrx_word' id='word_1_749' title='bbox 1610 4929 1713 4974; x_wconf 88' lang='lat' dir='ltr'><strong>emera</strong></span> <span class='ocrx_word' id='word_1_750' title='bbox 1729 4913 1875 5008; x_wconf 85' lang='lat' dir='ltr'><strong>omnibus</strong></span> 
     </span>
     <span class='ocr_line' id='line_1_57' title="bbox 137 4993 1874 5075; baseline -0.003 -13"><span class='ocrx_word' id='word_1_751' title='bbox 137 5003 221 5065; x_wconf 89' lang='lat' dir='ltr'><strong>llaec</strong></span> <span class='ocrx_word' id='word_1_752' title='bbox 236 5007 388 5064; x_wconf 85' lang='lat' dir='ltr'><strong>sententia</strong></span> <span class='ocrx_word' id='word_1_753' title='bbox 406 5021 468 5066; x_wconf 93' lang='lat' dir='ltr'><strong>nen</strong></span> <span class='ocrx_word' id='word_1_754' title='bbox 484 5004 604 5065; x_wconf 84' lang='lat' dir='ltr'><strong>ridetur</strong></span> <span class='ocrx_word' id='word_1_755' title='bbox 618 5004 656 5066; x_wconf 89' lang='lat' dir='ltr'><strong>ad</strong></span> <span class='ocrx_word' id='word_1_756' title='bbox 672 5010 807 5065; x_wconf 91' lang='lat' dir='ltr'><strong>mentem</strong></span> <span class='ocrx_word' id='word_1_757' title='bbox 821 5004 852 5065; x_wconf 92' lang='lat' dir='ltr'><strong>b.</strong></span> <span class='ocrx_word' id='word_1_758' title='bbox 864 5003 960 5066; x_wconf 82' lang='lat' dir='ltr'><strong>Pauli.</strong></span> <span class='ocrx_word' id='word_1_759' title='bbox 1007 5006 1182 5074; x_wconf 89' lang='lat' dir='ltr'><strong>maniiosla,</strong></span> <span class='ocrx_word' id='word_1_760' title='bbox 1197 5009 1229 5063; x_wconf 90' lang='lat' dir='ltr'><strong>ut</strong></span> <span class='ocrx_word' id='word_1_761' title='bbox 1244 5001 1345 5074; x_wconf 80' lang='lat' dir='ltr'><strong>eripite</strong></span> <span class='ocrx_word' id='word_1_762' title='bbox 1366 4999 1507 5075; x_wconf 88' lang='lat' dir='ltr'><strong>sequenti</strong></span> <span class='ocrx_word' id='word_1_763' title='bbox 1525 4999 1609 5060; x_wconf 87' lang='lat' dir='ltr'><strong>dicit:</strong></span> <span class='ocrx_word' id='word_1_764' title='bbox 1627 4993 1734 5055; x_wconf 85' lang='lat' dir='ltr'><strong>Donec</strong></span> <span class='ocrx_word' id='word_1_765' title='bbox 1762 5001 1874 5058; x_wconf 83' lang='lat' dir='ltr'><strong>ueneat</strong></span> 
     </span>
     <span class='ocr_line' id='line_1_58' title="bbox 91 5076 1877 5167; baseline -0.004 -23"><span class='ocrx_word' id='word_1_766' title='bbox 91 5083 284 5158; x_wconf 78' lang='lat' dir='ltr'><strong>Primmtluia</strong></span> <span class='ocrx_word' id='word_1_767' title='bbox 294 5099 405 5164; x_wconf 90' lang='lat' dir='ltr'><strong>graeco</strong></span> <span class='ocrx_word' id='word_1_768' title='bbox 418 5092 466 5148; x_wconf 90' lang='lat' dir='ltr'><strong>osl</strong></span> <span class='ocrx_word' id='word_1_769' title='bbox 477 5086 545 5147; x_wconf 90' lang='lat' dir='ltr'><strong>dics</strong></span> <span class='ocrx_word' id='word_1_770' title='bbox 556 5102 626 5147; x_wconf 90' lang='lat' dir='ltr'><strong>cum</strong></span> <span class='ocrx_word' id='word_1_771' title='bbox 638 5081 807 5162; x_wconf 53' lang='lat' dir='ltr'><strong>articulum</strong></span> <span class='ocrx_word' id='word_1_772' title='bbox 818 5082 877 5164; x_wconf 81' lang='grc' dir='ltr'><strong>γὰρ</strong></span> <span class='ocrx_word' id='word_1_773' title='bbox 891 5080 963 5162; x_wconf 80' lang='grc' dir='ltr'><strong>ἡμέ·</strong></span> <span class='ocrx_word' id='word_1_774' title='bbox 1007 5083 1240 5162; x_wconf 68' lang='lat' dir='ltr'><strong>comicosque·</strong></span> <span class='ocrx_word' id='word_1_775' title='bbox 1250 5077 1655 5167; x_wconf 77' lang='lat' dir='ltr'><strong>illeneinnbilcbsoondilo</strong></span> <span class='ocrx_word' id='word_1_776' title='bbox 1666 5076 1877 5138; x_wconf 83' lang='lat' dir='ltr'><strong>tenebrarum</strong></span> 
     </span>
     <span class='ocr_line' id='line_1_59' title="bbox 96 5155 1874 5246; baseline -0.004 -21"><span class='ocrx_word' id='word_1_777' title='bbox 96 5182 149 5246; x_wconf 79' lang='lat' dir='ltr'><strong>pc,</strong></span> <span class='ocrx_word' id='word_1_778' title='bbox 171 5180 209 5226; x_wconf 84' lang='lat' dir='ltr'><strong>cx</strong></span> <span class='ocrx_word' id='word_1_779' title='bbox 220 5181 282 5244; x_wconf 94' lang='lat' dir='ltr'><strong>que</strong></span> <span class='ocrx_word' id='word_1_780' title='bbox 297 5173 426 5244; x_wconf 84' lang='lat' dir='ltr'><strong>apparot</strong></span> <span class='ocrx_word' id='word_1_781' title='bbox 453 5172 571 5230; x_wconf 87' lang='lat' dir='ltr'><strong>cerium</strong></span> <span class='ocrx_word' id='word_1_782' title='bbox 587 5167 742 5245; x_wconf 91' lang='lat' dir='ltr'><strong>quendam</strong></span> <span class='ocrx_word' id='word_1_783' title='bbox 756 5172 786 5226; x_wconf 96' lang='lat' dir='ltr'><strong>et</strong></span> <span class='ocrx_word' id='word_1_784' title='bbox 800 5167 960 5228; x_wconf 83' lang='lat' dir='ltr'><strong>delinitum</strong></span> <span class='ocrx_word' id='word_1_785' title='bbox 1009 5177 1038 5231; x_wconf 89' lang='lat' dir='ltr'><strong>ol</strong></span> <span class='ocrx_word' id='word_1_786' title='bbox 1052 5165 1275 5243; x_wconf 75' lang='lat' dir='ltr'><strong>manifestabit</strong></span> <span class='ocrx_word' id='word_1_787' title='bbox 1290 5163 1429 5224; x_wconf 80' lang='lat' dir='ltr'><strong>consiliu</strong></span> <span class='ocrx_word' id='word_1_788' title='bbox 1443 5160 1615 5234; x_wconf 62' lang='lat' dir='ltr'><strong>cordium</strong></span> <span class='ocrx_word' id='word_1_789' title='bbox 1641 5155 1672 5218; x_wconf 88' lang='lat' dir='ltr'><strong>td</strong></span> <span class='ocrx_word' id='word_1_790' title='bbox 1694 5165 1874 5220; x_wconf 86' lang='lat' dir='ltr'><strong>autemnon</strong></span> 
     </span>
     <span class='ocr_line' id='line_1_60' title="bbox 93 5243 1527 5325; baseline -0.004 -17"><span class='ocrx_word' id='word_1_791' title='bbox 93 5249 178 5309; x_wconf 90' lang='lat' dir='ltr'><strong>diem</strong></span> <span class='ocrx_word' id='word_1_792' title='bbox 191 5245 373 5325; x_wconf 84' lang='lat' dir='ltr'><strong>significari,</strong></span> <span class='ocrx_word' id='word_1_793' title='bbox 390 5250 472 5310; x_wconf 87' lang='lat' dir='ltr'><strong>sicul</strong></span> <span class='ocrx_word' id='word_1_794' title='bbox 484 5249 514 5310; x_wconf 90' lang='lat' dir='ltr'><strong>l.</strong></span> <span class='ocrx_word' id='word_1_795' title='bbox 527 5249 659 5310; x_wconf 78' lang='lat' dir='ltr'><strong>timeon.</strong></span> <span class='ocrx_word' id='word_1_796' title='bbox 681 5248 713 5309; x_wconf 86' lang='lat' dir='ltr'><strong>t.</strong></span> <span class='ocrx_word' id='word_1_797' title='bbox 733 5245 836 5324; x_wconf 72' lang='grc' dir='ltr'>Ωιιαιιι</span> <span class='ocrx_word' id='word_1_798' title='bbox 848 5249 963 5310; x_wconf 83' lang='lat' dir='ltr'><strong>reddet</strong></span> <span class='ocrx_word' id='word_1_799' title='bbox 1008 5249 1075 5321; x_wconf 85' lang='lat' dir='ltr'><strong>liet,</strong></span> <span class='ocrx_word' id='word_1_800' title='bbox 1092 5247 1153 5310; x_wconf 89' lang='lat' dir='ltr'><strong>nisi</strong></span> <span class='ocrx_word' id='word_1_801' title='bbox 1168 5248 1199 5307; x_wconf 92' lang='lat' dir='ltr'><strong>in</strong></span> <span class='ocrx_word' id='word_1_802' title='bbox 1212 5245 1382 5307; x_wconf 72' lang='lat' dir='ltr'><strong>novissime</strong></span> <span class='ocrx_word' id='word_1_803' title='bbox 1395 5243 1527 5322; x_wconf 86' lang='lat' dir='ltr'><strong>judicio.</strong></span> 
     </span>
     <span class='ocr_line' id='line_1_61' title="bbox 92 5320 1905 5414; baseline -0.005 -23"><span class='ocrx_word' id='word_1_804' title='bbox 92 5329 178 5392; x_wconf 83' lang='lat' dir='ltr'><strong>mibi</strong></span> <span class='ocrx_word' id='word_1_805' title='bbox 192 5330 347 5392; x_wconf 80' lang='lat' dir='ltr'><strong>bominem</strong></span> <span class='ocrx_word' id='word_1_806' title='bbox 361 5331 474 5393; x_wconf 85' lang='lat' dir='ltr'><strong>initio</strong></span> <span class='ocrx_word' id='word_1_807' title='bbox 488 5330 551 5393; x_wconf 82' lang='lat' dir='ltr'><strong>dio.</strong></span> <span class='ocrx_word' id='word_1_808' title='bbox 568 5331 605 5390; x_wconf 76' lang='lat' dir='ltr'><strong>lli</strong></span> <span class='ocrx_word' id='word_1_809' title='bbox 627 5329 656 5394; x_wconf 86' lang='lat' dir='ltr'><strong>l.</strong></span> <span class='ocrx_word' id='word_1_810' title='bbox 686 5328 764 5392; x_wconf 84' lang='lat' dir='ltr'><strong>Tim.</strong></span> <span class='ocrx_word' id='word_1_811' title='bbox 791 5329 823 5390; x_wconf 77' lang='grc'><strong>9.</strong></span> <span class='ocrx_word' id='word_1_812' title='bbox 852 5327 960 5390; x_wconf 79' lang='lat' dir='ltr'><strong>Certus</strong></span> <span class='ocrx_word' id='word_1_813' title='bbox 1049 5331 1173 5404; x_wconf 82' lang='lat' dir='ltr'><strong>Quarto:</strong></span> <span class='ocrx_word' id='word_1_814' title='bbox 1190 5327 1266 5403; x_wconf 80' lang='lat' dir='ltr'><strong>Quia</strong></span> <span class='ocrx_word' id='word_1_815' title='bbox 1283 5325 1434 5401; x_wconf 88' lang='lat' dir='ltr'><strong>sequitur,</strong></span> <span class='ocrx_word' id='word_1_816' title='bbox 1455 5321 1587 5398; x_wconf 83' lang='lat' dir='ltr'><strong>Quieto</strong></span> <span class='ocrx_word' id='word_1_817' title='bbox 1599 5339 1676 5403; x_wconf 82' lang='lat' dir='ltr'><strong>rege</strong></span> <span class='ocrx_word' id='word_1_818' title='bbox 1700 5320 1905 5414; x_wconf 62' lang='lat' dir='ltr'><strong>rovelcteem</strong></span> 
     </span>
     <span class='ocr_line' id='line_1_62' title="bbox 93 5403 1879 5495; baseline -0.005 -24"><span class='ocrx_word' id='word_1_819' title='bbox 93 5411 265 5490; x_wconf 68' lang='lat' dir='ltr'><strong>clemquia</strong></span> <span class='ocrx_word' id='word_1_820' title='bbox 274 5417 388 5489; x_wconf 69' lang='lat' dir='ltr'><strong>pectens</strong></span> <span class='ocrx_word' id='word_1_821' title='bbox 406 5413 644 5494; x_wconf 81' lang='lat' dir='ltr'><strong>oatdcpoeitcm</strong></span> <span class='ocrx_word' id='word_1_822' title='bbox 658 5425 768 5474; x_wconf 85' lang='lat' dir='ltr'><strong>meum</strong></span> <span class='ocrx_word' id='word_1_823' title='bbox 780 5425 911 5474; x_wconf 80' lang='lat' dir='ltr'><strong>seruere</strong></span> <span class='ocrx_word' id='word_1_824' title='bbox 929 5412 968 5472; x_wconf 77' lang='grc' dir='ltr'><strong>ιιι</strong></span> <span class='ocrx_word' id='word_1_825' title='bbox 1012 5412 1129 5474; x_wconf 88' lang='lat' dir='ltr'><strong>Dicitur</strong></span> <span class='ocrx_word' id='word_1_826' title='bbox 1144 5410 1226 5471; x_wconf 91' lang='lat' dir='ltr'><strong>enim</strong></span> <span class='ocrx_word' id='word_1_827' title='bbox 1242 5405 1311 5492; x_wconf 83' lang='lat' dir='ltr'><strong>dios</strong></span> <span class='ocrx_word' id='word_1_828' title='bbox 1320 5405 1430 5485; x_wconf 87' lang='lat' dir='ltr'><strong>judicii</strong></span> <span class='ocrx_word' id='word_1_829' title='bbox 1447 5405 1576 5468; x_wconf 81' lang='lat' dir='ltr'><strong>revelari</strong></span> <span class='ocrx_word' id='word_1_830' title='bbox 1598 5404 1629 5467; x_wconf 94' lang='lat' dir='ltr'><strong>in</strong></span> <span class='ocrx_word' id='word_1_831' title='bbox 1646 5407 1731 5495; x_wconf 69' lang='lat' dir='ltr'><strong>igne,</strong></span> <span class='ocrx_word' id='word_1_832' title='bbox 1748 5417 1819 5478; x_wconf 83' lang='lat' dir='ltr'><strong>quen</strong></span> <span class='ocrx_word' id='word_1_833' title='bbox 1833 5403 1879 5462; x_wconf 93' lang='lat' dir='ltr'><strong>ul-</strong></span> 
     </span>
     <span class='ocr_line' id='line_1_63' title="bbox 92 5483 1877 5577; baseline -0.006 -25"><span class='ocrx_word' id='word_1_834' title='bbox 92 5493 191 5554; x_wconf 86' lang='lat' dir='ltr'><strong>ittum</strong></span> <span class='ocrx_word' id='word_1_835' title='bbox 206 5493 307 5555; x_wconf 81' lang='lat' dir='ltr'><strong>diem.</strong></span> <span class='ocrx_word' id='word_1_836' title='bbox 323 5491 360 5556; x_wconf 81' lang='lat' dir='ltr'><strong>er</strong></span> <span class='ocrx_word' id='word_1_837' title='bbox 376 5495 470 5570; x_wconf 87' lang='lat' dir='ltr'><strong>paulo</strong></span> <span class='ocrx_word' id='word_1_838' title='bbox 484 5493 573 5554; x_wconf 88' lang='lat' dir='ltr'><strong>inira:</strong></span> <span class='ocrx_word' id='word_1_839' title='bbox 587 5491 645 5554; x_wconf 86' lang='lat' dir='ltr'><strong>Del</strong></span> <span class='ocrx_word' id='word_1_840' title='bbox 660 5493 690 5556; x_wconf 86' lang='lat' dir='ltr'><strong>ci</strong></span> <span class='ocrx_word' id='word_1_841' title='bbox 704 5491 861 5556; x_wconf 83' lang='lat' dir='ltr'><strong>Dominus</strong></span> <span class='ocrx_word' id='word_1_842' title='bbox 874 5492 964 5554; x_wconf 83' lang='lat' dir='ltr'><strong>ireno-</strong></span> <span class='ocrx_word' id='word_1_843' title='bbox 1010 5495 1119 5554; x_wconf 90' lang='lat' dir='ltr'><strong>timum</strong></span> <span class='ocrx_word' id='word_1_844' title='bbox 1136 5491 1306 5567; x_wconf 87' lang='lat' dir='ltr'><strong>signum.et</strong></span> <span class='ocrx_word' id='word_1_845' title='bbox 1323 5487 1460 5548; x_wconf 91' lang='lat' dir='ltr'><strong>omnium</strong></span> <span class='ocrx_word' id='word_1_846' title='bbox 1478 5486 1672 5548; x_wconf 84' lang='lat' dir='ltr'><strong>notissimum</strong></span> <span class='ocrx_word' id='word_1_847' title='bbox 1689 5487 1748 5546; x_wconf 88' lang='lat' dir='ltr'><strong>errl</strong></span> <span class='ocrx_word' id='word_1_848' title='bbox 1762 5483 1877 5577; x_wconf 74' lang='lat' dir='ltr'><strong>centin-</strong></span> 
     </span>
     <span class='ocr_line' id='line_1_64' title="bbox 93 5564 1880 5658; baseline -0.01 -18"><span class='ocrx_word' id='word_1_849' title='bbox 93 5575 168 5640; x_wconf 82' lang='lat' dir='ltr'><strong>ter’rc</strong></span> <span class='ocrx_word' id='word_1_850' title='bbox 183 5574 445 5638; x_wconf 69' lang='lat' dir='ltr'><strong>misericerdiam</strong></span> <span class='ocrx_word' id='word_1_851' title='bbox 457 5577 496 5637; x_wconf 81' lang='lat' dir='ltr'><strong>in</strong></span> <span class='ocrx_word' id='word_1_852' title='bbox 509 5575 572 5637; x_wconf 84' lang='lat' dir='ltr'><strong>illc</strong></span> <span class='ocrx_word' id='word_1_853' title='bbox 587 5574 653 5637; x_wconf 87' lang='lat' dir='ltr'><strong>die.</strong></span> <span class='ocrx_word' id='word_1_854' title='bbox 1012 5575 1110 5651; x_wconf 89' lang='lat' dir='ltr'><strong>gratio</strong></span> <span class='ocrx_word' id='word_1_855' title='bbox 1122 5572 1216 5635; x_wconf 91' lang='lat' dir='ltr'><strong>tutius</strong></span> <span class='ocrx_word' id='word_1_856' title='bbox 1231 5569 1350 5642; x_wconf 90' lang='lat' dir='ltr'><strong>mundi,</strong></span> <span class='ocrx_word' id='word_1_857' title='bbox 1370 5574 1401 5629; x_wconf 87' lang='lat' dir='ltr'><strong>et</strong></span> <span class='ocrx_word' id='word_1_858' title='bbox 1416 5574 1577 5646; x_wconf 89' lang='lat' dir='ltr'><strong>propterea</strong></span> <span class='ocrx_word' id='word_1_859' title='bbox 1593 5583 1719 5648; x_wconf 78' lang='lat' dir='ltr'><strong>semper</strong></span> <span class='ocrx_word' id='word_1_860' title='bbox 1733 5564 1799 5626; x_wconf 91' lang='lat' dir='ltr'><strong>iere</strong></span> <span class='ocrx_word' id='word_1_861' title='bbox 1810 5565 1880 5658; x_wconf 77' lang='lat' dir='ltr'><strong>dies</strong></span> 
     </span>
     <span class='ocr_line' id='line_1_65' title="bbox 136 5645 1879 5737; baseline -0.008 -16"><span class='ocrx_word' id='word_1_862' title='bbox 136 5658 280 5722; x_wconf 85' lang='lat' dir='ltr'><strong>Secundo</strong></span> <span class='ocrx_word' id='word_1_863' title='bbox 295 5674 303 5720; x_wconf 76' lang='grc' dir='ltr'>ι</span> <span class='ocrx_word' id='word_1_864' title='bbox 321 5655 394 5735; x_wconf 77' lang='lat' dir='ltr'><strong>Quin</strong></span> <span class='ocrx_word' id='word_1_865' title='bbox 413 5671 562 5737; x_wconf 88' lang='lat' dir='ltr'><strong>praescus</strong></span> <span class='ocrx_word' id='word_1_866' title='bbox 577 5663 700 5735; x_wconf 84' lang='lat' dir='ltr'><strong>tompus</strong></span> <span class='ocrx_word' id='word_1_867' title='bbox 724 5669 784 5718; x_wconf 91' lang='lat' dir='ltr'><strong>non</strong></span> <span class='ocrx_word' id='word_1_868' title='bbox 800 5654 913 5719; x_wconf 89' lang='lat' dir='ltr'><strong>dieitur</strong></span> <span class='ocrx_word' id='word_1_869' title='bbox 930 5655 961 5718; x_wconf 93' lang='lat' dir='ltr'><strong>iu</strong></span> <span class='ocrx_word' id='word_1_870' title='bbox 1009 5655 1118 5736; x_wconf 85' lang='lat' dir='ltr'><strong>judicii</strong></span> <span class='ocrx_word' id='word_1_871' title='bbox 1135 5651 1321 5716; x_wconf 86' lang='lat' dir='ltr'><strong>describitur</strong></span> <span class='ocrx_word' id='word_1_872' title='bbox 1334 5667 1389 5728; x_wconf 89' lang='lat' dir='ltr'><strong>pur</strong></span> <span class='ocrx_word' id='word_1_873' title='bbox 1404 5649 1507 5730; x_wconf 90' lang='lat' dir='ltr'><strong>ignem</strong></span> <span class='ocrx_word' id='word_1_874' title='bbox 1526 5665 1534 5726; x_wconf 82' lang='lat'><em>3</em></span> <span class='ocrx_word' id='word_1_875' title='bbox 1551 5655 1584 5712; x_wconf 90' lang='lat' dir='ltr'><strong>ul</strong></span> <span class='ocrx_word' id='word_1_876' title='bbox 1599 5651 1679 5730; x_wconf 88' lang='lat' dir='ltr'><strong>psol.</strong></span> <span class='ocrx_word' id='word_1_877' title='bbox 1709 5645 1760 5708; x_wconf 83' lang='grc'><strong>96.</strong></span> <span class='ocrx_word' id='word_1_878' title='bbox 1791 5647 1879 5724; x_wconf 79' lang='lat' dir='ltr'><strong>lyaee</strong></span> 
     </span>
    </p>
   </div>
   <div class='ocr_carea' id='block_1_3' title="bbox 0 0 2075 6292">
    <p class='ocr_par' dir='ltr' id='par_1_3' title="bbox 0 0 2075 6292">
     <span class='ocr_line' id='line_1_66' title="bbox 0 0 2075 6292; baseline 0 0"><span class='ocrx_word' id='word_1_879' title='bbox 0 0 2075 6292; x_wconf 95' lang='lat' dir='ltr'><strong> </strong></span> 
     </span>
    </p>
   </div>
  </div>
 </body>
</html>
