4056 6302
723 425 735 464 t
805 371 906 431 LIBER
923 371 1097 432 SECUNDUS
1724 371 1773 428 pra

71 503 100 560 te
116 505 280 580 oppugnat
293 503 394 568 omnia
408 503 473 569 iere
488 505 625 586 dogmata
640 501 882 588 cnivini'stnrum3
897 525 928 570 a·
974 521 1053 568 mum
1068 503 1270 586 abjurationis
1280 505 1374 586 bujns
1388 507 1501 570 erroris
1517 551 1525 580 ,
1551 504 1647 569 voluit
1660 521 1730 568 eum
1746 500 1829 568 dice

67 588 155 660 perte
170 581 256 646 enim
271 584 384 662 donet,
410 587 448 650 ad
463 603 621 652 romanum
637 587 813 669 puotiileem
837 592 930 671 perti·
973 605 1020 663 re,
1036 605 1097 650 non
1109 587 1209 650 solum
1220 589 1513 663 sacramentumsed
1526 589 1616 652 etiam
1628 603 1730 654 verum
1747 586 1845 650 ebro·

68 680 146 726 nere
163 666 304 728 ultimum
314 668 465 750 judicium
488 672 528 734 de
552 672 768 736 nonlrnrersiis
789 673 883 745 iidei,
900 679 931 736 ei
973 672 1012 736 sii
1026 685 1139 749 nnrpus
1154 671 1247 749 inungi
1275 679 1304 734 et
1320 671 1388 747 teri3
1400 687 1530 750 quorum
1542 671 1702 734 verborum
1718 671 1769 734 bie
1780 677 1845 735 est·

68 763 141 808 cum
160 763 223 810 noo
239 765 256 810 a
270 751 423 825 conciliis,
439 754 494 816 sed
510 771 525 814 a
540 751 605 817 Deo
620 757 687 835 ipso
703 756 862 834 primatum
878 758 931 820 lra-
974 769 1097 818 sensus:
1115 767 1175 816 nun
1198 753 1305 815 teritur
1325 760 1356 816 et
1373 755 1520 835 inungitur
1548 755 1665 816 nudum
1691 753 1827 833 signum,
1933 817 1937 824 .

65 831 155 892 bere.
175 831 259 893 idem
276 835 338 894 vult
353 835 555 899 exorcismum
570 832 708 901 adbiberi
722 838 755 900 in
767 838 929 918 baptismo,
974 836 1135 900 sedetiam
1151 849 1255 897 verum
1269 835 1380 900 Christi
1394 853 1516 918 corpus,
1538 837 1689 912 idest,sed
1711 837 1842 915 sipnum·

68 915 185 992 temple
201 914 336 976 dedicat!
352 925 435 979 cerlo
448 920 517 992 rilu,
540 921 691 982 orandum
716 935 786 983 esse
811 937 866 1000 pro
879 922 932 984 de·
975 919 1094 982 babens
1109 918 1233 982 realiter
1246 919 1444 997 conjunctum
1461 919 1570 984 ilbristi
1588 935 1718 998 corpus:
1743 919 1834 988 sirei

65 995 195 1068 iunctis,
211 1004 336 1061 sanetus
348 1001 533 1064 invocandos
546 1047 555 1075 ,
569 1003 718 1082 reliquias
728 1005 930 1079 venerandas,
976 1003 1031 1066 sed
1048 1002 1139 1064 etium
1154 1015 1258 1062 verum
1274 1000 1385 1064 Christi
1402 1018 1514 1081 corpas
1529 1002 1572 1065 ibi
1600 1015 1750 1081 praesens
1773 1001 1837 1062 eri·

67 1077 259 1154 chrismatis
276 1097 373 1158 aquae
388 1084 525 1164 salisque
539 1083 693 1148 benedieti
716 1103 806 1148 usum
828 1087 860 1149 in
875 1085 931 1149 Ee·
976 1091 1081 1154 siens,
1094 1084 1241 1161 iraopilur
1267 1089 1300 1147 et
1314 1085 1431 1156 teritur,
1449 1101 1515 1146 noo
1532 1091 1632 1147 tamen
1653 1084 1684 1146 in
1700 1097 1747 1156 se,
1767 1083 1834 1145 sed

66 1161 167 1222 clesin
184 1163 390 1243 retinendum3
407 1164 438 1226 in
454 1167 635 1231 eucharistia
651 1184 722 1232 vere
734 1163 807 1232 esse
820 1183 932 1248 eorpus
977 1167 1009 1230 in
1024 1167 1123 1246 signo.
1140 1165 1297 1239 Quomodo
1319 1167 1410 1230 etiam
1424 1167 1642 1247 intelligimus„
1658 1183 1727 1230 num
1744 1165 1836 1244 ditro-

69 1241 199 1318 Christi,
217 1245 311 1324 idque
326 1247 512 1310 adorandum
528 1295 536 1323 ,
563 1257 595 1313 et
620 1256 762 1330 tanquam
777 1268 880 1315 rerum
897 1269 933 1314 ue
977 1258 1131 1312 sostumns
1147 1249 1270 1310 bomilia
1286 1247 1338 1311 83.
1354 1249 1385 1310 in
1401 1249 1583 1312 lialtbaeum
1601 1295 1609 1324 ,
1633 1250 1685 1312 ait:
1700 1249 1723 1313 0
1737 1255 1834 1328 ouant,

66 1326 230 1402 proprium
245 1329 429 1393 saeriilcium
444 1329 814 1412 olierendum,quaesnni
824 1349 933 1399 amnes
975 1332 1086 1412 inquit,
1102 1333 1226 1402 dmoni,
1243 1332 1354 1394 nedem
1369 1333 1438 1410 ejus
1448 1329 1588 1410 (ermom
1604 1379 1612 1400 .
1629 1332 1697 1410 ειιιε
1713 1333 1836 1395 onicen-

67 1409 248 1485 erploratae
263 1412 409 1475 haereses
424 1416 504 1494 apud
520 1415 726 1479 sdversarius.
901 1429 903 1436 ’
975 1421 1085 1479 manin
1096 1415 1217 1478 uidere.
1233 1415 1345 1494 losum
1356 1415 1457 1495 opum
1469 1415 1570 1492 uides,
1591 1416 1702 1494 ipsum
1715 1416 1834 1494 laevom,

107 1489 142 1552 Si
157 1506 235 1571 ergo
251 1494 354 1556 volunt
369 1511 426 1558 nos
437 1498 566 1561 eredere
577 1499 650 1562 bute
664 1499 863 1572 auemrimum
879 1499 933 1562 do·
976 1499 1087 1582 ipsum
1101 1498 1252 1562 enneadis.

68 1577 119 1634 eet
133 1573 296 1637 nicaenam
312 1579 844 1657 synodumerrasseeredanteidem
859 1581 932 1661 ipsi,
1018 1581 1300 1658 decimoseptimo,
1318 1579 1434 1660 prolert
1455 1579 1649 1642 Hermaonus
1670 1579 1837 1642 concilium

69 1671 140 1715 cum
157 1658 271 1719 asserii
286 1663 347 1721 tam
364 1661 468 1737 mulia,
485 1679 563 1743 quae
585 1665 646 1744 jam
670 1664 929 1728 enumeravimus.
977 1663 1169 1726 lateranense
1181 1662 1239 1726 sub
1253 1662 1433 1726 innocentio
1453 1661 1513 1724 iii.
1538 1663 1568 1722 in
1590 1677 1651 1740 ouo
1680 1661 1838 1726 definitum

71 1735 161 1811 Quod
178 1739 204 1800 sl
220 1741 311 1801 etium
326 1749 490 1820 constaret,
514 1743 653 1809 Gerulum
678 1749 779 1824 ipsum
802 1747 885 1809 bunc
899 1747 935 1808 li·
978 1752 1038 1820 est,
1055 1745 1229 1808 babendum
1241 1761 1312 1809 asse
1328 1761 1381 1824 pru
1396 1745 1523 1808 articulo
1538 1743 1609 1806 ildei
1625 1758 1735 1826 panem
1753 1752 1783 1806 el
1797 1744 1839 1808 vi·

71 1822 162 1881 brom
179 1821 846 1902 scripsissnelinomnibuseumCulvinislis
861 1845 933 1893 eon·
979 1830 1300 1892 numinsneramenlo
1324 1827 1588 1892 transubstantiari
1617 1828 1646 1887 in
1674 1843 1787 1905 eorpus
1808 1832 1839 1887 ct

71 1903 192 1979 venire,
210 1905 284 1981 quid
301 1907 450 1971 habereut
475 1912 578 1986 uliud,
605 1927 695 1989 quam
722 1912 929 1974 testimonium
976 1910 1158 1991 sanguinem
1174 1908 1307 1988 ιιιιιιιις
1329 1913 1365 1973 at
1380 1912 1410 1972 io
1426 1911 1557 1973 eortoilio
1583 1908 1733 1987 ephesino
1758 1908 1833 1970 diei·

69 1983 166 2046 utrius
191 1988 324 2050 bominis
346 1991 437 2066 laici,
465 1999 496 2056 el
516 1993 640 2058 militis?
665 1995 746 2074 quod
775 2003 933 2073 opponere
977 1999 1027 2058 tur
1041 1993 1199 2056 anathema
1215 1992 1358 2061 omnibus
1371 1993 1597 2073 proierentibus
1617 1992 1700 2054 aliud
1716 1991 1839 2072 symbo-

73 2068 156 2129 relle
171 2070 454 2152 concitiogenorall
481 2076 719 2156 nomannorum,
748 2077 871 2142 stultitia
887 2083 935 2154 est
977 2077 1054 2140 lum.
1498 2123 1500 2130 -

70 2149 247 2214 rneniiesta.
264 2153 334 2214 iiam
348 2160 380 2216 ut
394 2162 477 2220 reete
492 2159 532 2220 ait
546 2160 753 2222 ilnmnseenus
765 2166 840 2223 orat.
856 2159 931 2222 2.de
1017 2158 1202 2237 Respondao
1214 2159 1334 2236 primo:
1360 2159 1564 2222 lateranense
1590 2155 1753 2219 concilium
1778 2173 1839 2218 aron

69 2231 273 2312 imaginibus,
290 2235 427 2302 dinisius
451 2255 513 2303 non
535 2242 690 2304 commisit
704 2242 871 2306 Ecclesiam
887 2258 934 2304 re·
976 2241 1189 2321 composuisse
1204 2243 1300 2304 ulium
1315 2242 1499 2322 symbolum.
1523 2241 1578 2302 seal
1595 2246 1710 2301 larrium
1726 2239 1835 2302 delini·

68 2316 163 2392 gibus
180 2323 211 2378 ct
232 2317 480 2399 imperatoribus,
510 2325 567 2388 sod
588 2325 744 2405 episeopis
760 2325 934 2404 etpostori·
977 2327 1166 2388 visseunam
1180 2325 1393 2404 quaestionem
1421 2324 1460 2386 de
1482 2323 1565 2396 ilde,
1592 2326 1672 2384 sicut
1698 2324 1838 2383 iecerunt

68 2401 143 2458 ¹¹⁰⁸·
978 2409 1070 2473 multa
1086 2408 1215 2470 eoncilia
1231 2414 1300 2486 pust
1311 2407 1507 2486 ephesinum.
1521 2405 1666 2468 Secundo
1687 2405 1755 2466 alico
1769 2421 1841 2466 con-

114 2479 356 2560 ileeimuquintu
371 2531 379 2555 .
392 2487 551 2566 proterunt
576 2489 710 2552 eoncilia'
726 2489 786 2552 duo
811 2490 892 2552 inter
902 2505 937 2554 se
981 2490 1087 2552 ellium
1107 2489 1292 2568 ephesinum
1308 2489 1424 2552 dixisse
1439 2489 1599 2550 unatirema
1616 2487 1843 2566 proterentibus

68 2563 239 2637 contraria,
252 2566 365 2642 quibus
379 2574 481 2633 tamen
496 2571 693 2650 prueiuerunl
704 2573 820 2635 ramam
838 2573 935 2652 ponii·
979 2573 1061 2636 aliud
1076 2572 1274 2652 symbolum,
1300 2572 1380 2634 idest
1402 2573 1587 2635 contrarium
1604 2572 1752 2632 nicaeno.
1777 2585 1839 2631 non

68 2643 161 2706 lices.
178 2642 253 2706 Nam
269 2649 433 2713 concilium
460 2669 618 2716 remanum
630 2655 688 2718 sub
700 2655 854 2735 Stephano
868 2653 933 2718 lli.
980 2662 1080 2718 autem
1096 2656 1189 2724 uliud,
1206 2655 1308 2728 idest,
1339 2669 1449 2717 novum
1476 2660 1507 2714 et
1532 2654 1724 2730 explicatius.
1741 2651 1843 2714 Tertio

67 2726 201 2788 irritavit
215 2731 318 2794 ornnia
333 2738 398 2798 aeta
413 2735 553 2798 Formosi
567 2745 664 2817 papae
686 2737 936 2816 praedecessoris
979 2739 1060 2800 dieo:
1078 2737 1247 2800 Concilium
1262 2735 1446 2814 epbesinnor
1469 2735 1668 2814 prohibuisse
1682 2735 1751 2796 anovi
1763 2751 1846 2813 sym·

66 2810 131 2885 sui3
148 2810 265 2873 deinde
281 2816 445 2880 concilium
462 2835 654 2882 ravennense
669 2820 727 2882 sub
748 2819 865 2882 Jounne
880 2819 934 2882 lx.
978 2820 1040 2882 boli
1057 2820 1312 2900 compositionem
1326 2819 1494 2898 episeopis,
1509 2825 1539 2880 et
1554 2817 1694 2880 conciliis
1710 2819 1842 2896 particu-

66 2893 200 2952 irritavit
214 2899 280 2956 aete
297 2897 420 2961 concilii
433 2901 491 2963 sub
508 2901 685 2982 Stephano,
703 2907 734 2966 et
757 2903 936 2982 approbavit
980 2903 1108 2975 laribus,
1125 2919 1186 2968 oon
1198 2909 1298 2965 aulem
1312 2915 1433 2964 summo
1447 2900 1584 2981 pontiilni
1603 2945 1611 2974 ,
1640 2905 1692 2961 aut
1706 2899 1838 2961 uorrailio

66 2980 135 3034 acta
149 2973 302 3040 Formosi.
320 2979 395 3043 Vide
410 2983 603 3064 sigebertum
628 2985 658 3046 in
684 2984 838 3049 chronico
862 2985 934 3048 anni
977 2986 1130 3063 generale
1146 3001 1237 3047 neren
1252 2984 1334 3046 enim
1346 2985 1376 3046 in
1393 2998 1522 3062 parem,
1544 2983 1592 3045 vel
1607 2983 1768 3062 majorem,
1783 2981 1839 3043 bn·

67 3055 143 3118 903.
160 3057 266 3120 lielth.
283 3061 466 3127 Palmerium
492 3067 523 3128 in
539 3066 689 3130 Cirrnnico
715 3068 786 3130 unni
815 3065 887 3131 suu.
904 3073 935 3131 et
980 3068 1033 3132 bet
1046 3067 1254 3147 praecipiendi
1270 3067 1491 3130 auctoritatem.
1757 3145 1763 3160 ι

66 3137 221 3204 Plotinam
236 3141 268 3203 in
283 3143 352 3206 vitis
367 3146 477 3211 borum
502 3149 694 3229 poniiileum.
723 3150 908 3228 nesoonuen
923 3167 932 3210 ε
1020 3149 1425 3228 Decimooelavopraienmt
1436 3148 1602 3211 concilium
1614 3151 1844 3210 constantiense

66 3215 290 3294 Quaestionem
305 3227 403 3292 luisse
419 3231 458 3294 do
471 3231 562 3305 iaetu,
578 3233 681 3306 idest,
707 3249 747 3294 an
767 3232 935 3295 Formosus
980 3238 1012 3297 et
1024 3234 1212 3305 basileense,
1236 3247 1306 3294 nam
1317 3233 1392 3294 iliud
1407 3246 1489 3296 sess.
1505 3230 1554 3293 ¹3.
1566 3229 1847 3294 excommunicavit

67 3306 184 3366 inisset
199 3321 289 3371 verns
300 3316 334 3372 et
347 3311 502 3392 legitimus
517 3331 607 3395 papa3
622 3321 653 3380 et
667 3317 738 3394 quie
760 3315 934 3396 Stephanus
979 3331 1089 3380 omnes
1103 3313 1367 3380 communicantes
1382 3315 1442 3378 snb
1458 3320 1585 3391 utraque
1607 3312 1734 3402 speeie,
1763 3313 1845 3374 istud

67 3389 152 3449 rnnie
168 3388 362 3464 informatus,
378 3398 501 3460 censuit
521 3413 591 3460 eum
614 3411 675 3460 non
689 3397 932 3479 luissepapan,
980 3398 1254 3462 autemnoneessit
1269 3404 1440 3474 utramouo
1468 3395 1605 3475 speeiem
1631 3395 1766 3458 boemis.
1788 3395 1847 3457 lle·

67 3476 136 3531 aeta
151 3471 224 3550 cjns
239 3473 454 3556 irritavit.Quia
471 3495 541 3543 vern
555 3480 690 3542 ioannes
703 3487 807 3561 postea
822 3495 856 3544 re
872 3495 935 3544 roe·
980 3483 1133 3561 spondeo:
1149 3480 1302 3559 Quidquid
1318 3480 1357 3540 sit
1371 3481 1410 3542 de
1426 3480 1534 3542 borum
1565 3478 1765 3540 conciliorum
1792 3495 1845 3538 eu·

67 3555 132 3614 lius
143 3553 336 3638 investigato,
355 3559 472 3624 invenit
493 3563 694 3636 eontrarium,
708 3563 838 3627 eorrerlit
853 3577 935 3626 erro·
982 3563 1131 3639 ctoritate,
1144 3565 1214 3626 dico
1231 3577 1265 3626 ea
1281 3577 1343 3626 non
1358 3577 1495 3642 pugnare
1510 3565 1590 3626 inter
1604 3575 1662 3638 se;
1686 3575 1845 3620 rrnaancno-

66 3651 135 3698 rem
151 3637 276 3700 enneilit
297 3637 517 3725 prioris,'jurla
533 3646 672 3724 regulam
697 3645 868 3725 Augustini,
886 3644 939 3723 oui
979 3645 1403 3710 slantienseercnmmunical
1428 3661 1508 3714 ans,
1536 3643 1589 3724 qui
1618 3641 1846 3705 communicant

66 3718 155 3792 dieii,
174 3720 309 3784 eoncilia
325 3726 424 3802 priora
440 3728 609 3807 aliounndn
623 3729 778 3791 emendari
803 3735 937 3807 aposte-
981 3729 1040 3792 sub
1058 3729 1305 3808 utraque-speeie
1326 3727 1397 3790 sine
1417 3725 1539 3790 lieentia
1562 3725 1731 3788 Ecclesiae.
1748 3723 1798 3786 Sin
1812 3741 1844 3786 e·

69 3801 220 3876 rioribus,
235 3805 378 3869 nimirum
393 3808 424 3871 in
440 3811 618 3892 hujusmodi
634 3811 758 3874 casibus
773 3811 936 3892 particula·
981 3813 1044 3874 nim
1061 3812 1273 3890 intelliguntur
1285 3817 1447 3889 praecepta
1473 3809 1623 3890 majorum
1641 3825 1650 3881 ς
1674 3823 1734 3870 non
1762 3807 1844 3870 enim

71 3885 175 3946 ribus.
982 3889 1844 3973 ouiproecipitprivatseauctoritntedispensandicun-

113 3965 344 4048 Decimnsenlo‚
361 3973 520 4052 proferunt
530 3975 695 4038 concilium
706 3991 865 4038 romonum
879 3975 938 4042 sub
982 3978 1202 4040 ciliumautem
1217 3976 1396 4048 basileense
1408 3974 1596 4053 dispensavit
1612 3989 1680 4036 cum
1696 3973 1843 4046 daumio,

69 4047 199 4110 liicnlao
210 4047 251 4110 ll.
269 4055 299 4115 in
313 4071 376 4135 quo
390 4057 549 4121 delinitum
565 4065 622 4134 esi,
638 4075 700 4121 nno
723 4060 822 4122 solum
838 4074 938 4121 saera·
983 4059 1090 4138 eisque
1102 4059 1256 4122 licentiam
1271 4058 1356 4121 dedit
1377 4057 1624 4121 communicandi
1640 4057 1698 4120 sub
1713 4063 1820 4135 utraqu

69 4139 212 4193 mentum
228 4137 938 4220 eorporisChristi‚scd,etiosumverumCirri-
982 4144 1099 4222 specie.
1758 4219 1764 4232 ·
1804 4167 1808 4176 ·

71 4214 110 4275 sti
128 4221 391 4295 «reconstruere,
407 4223 549 4306 albengi
565 4225 706 4286 monibus
721 4226 936 4298 sacerdotum,
1024 4224 1146 4299 Ultimo,
1163 4224 1321 4303 proieront
1336 4223 1442 4284 eadem
1459 4220 1588 4284 eoncilia
1615 4226 1845 4283 constantiense

74 4303 105 4358 et
119 4296 261 4360 ildelimn
276 4302 421 4368 dentibus
436 4309 535 4377 atteri,
563 4314 596 4369 ut
620 4298 703 4386 pelet
717 4323 754 4369 ex
775 4321 844 4369 ern.
871 4306 935 4386 Ego
982 4312 1014 4369 ei
1027 4307 1213 4384 dorileense,
1229 4323 1308 4388 quae
1322 4301 1637 4368 slatunnlennellium
1656 4317 1727 4366 esse
1752 4317 1845 4381 supra

71 4377 290 4460 berengarius,
308 4385 347 4448 de
362 4401 486 4452 consen.
502 4389 577 4452 dist.
600 4391 632 4453 2.
658 4389 695 4466 Al
719 4389 937 4452 hie·esterror
982 4405 1101 4469 papam.
1119 4389 1208 4472 eujus
1223 4391 1408 4452 eontrarium
1421 4387 1591 4450 babeturtn
1614 4385 1747 4449 coneilio
1763 4385 1843 4480 late·

68 4463 256 4548 menitestus
271 4475 376 4531 eontra
391 4474 646 4534 resurrectionem
662 4473 825 4556 gloriosam
848 4471 933 4534 Cbri-
979 4473 1103 4535 ramensi
1114 4489 1195 4538 sess.
1212 4475 1262 4537 li.
1279 4473 1333 4536 sad
1349 4471 1388 4534 de
1400 4472 1458 4534 ban
1471 4485 1505 4533 rc
1519 4469 1595 4532 inira
1609 4470 1748 4534 dicemus
1763 4483 1795 4530 in
1810 4467 1843 4528 il·

68 4545 123 4616 sti,
141 4543 257 4642 denque
273 4549 348 4613 dicit
362 4554 531 4632 apostolus:
557 4553 697 4618 doristus
718 4569 889 4634 neuorpems
911 4571 934 4618 n
984 4571 1023 4618 ne
1039 4554 1134 4636 hujus
1148 4556 1231 4619 libri.

67 4629 303 4707 montensium
316 4637 545 4701 monmordtur.
562 4637 649 4700 Runa.
666 4637 698 4700 u.
720 4637 752 4700 si
768 4640 851 4700 enim
867 4649 933 4699 eur·

67 4723 131 4788 pus
144 4708 257 4774 cbristi
272 4731 378 4781 veruto
392 4717 551 4800 inungitur,
568 4727 599 4782 et
613 4720 739 4796 teritur,
765 4727 850 4798 certe
864 4735 931 4784 eur·

66 4793 225 4870 rumpitur
239 4801 270 4858 el
284 4803 422 4864 moritur.
574 4821 583 4830 ·
1288 4801 1503 4890 ‚cliuum
1613 4827 1616 4837 ·

111 4873 313 4970 ilespundeo:
336 4882 504 4963 Numquam
526 4884 622 4948 inisse
639 4885 873 4965 quaestionem,
896 4901 935 4948 an
1286 4930 1290 4936 -
1520 4923 1530 4932 -
1582 4885 1589 4892 ’

69 4953 186 5020 cansa
201 4975 314 5042 corpus
327 4981 408 5038 vere,
422 4976 454 5028 ut
468 4973 516 5030 est
530 4969 561 5030 in
574 4983 622 5041 se,
637 4968 827 5047 frangeretur
840 4969 936 5030 mani·

67 5039 131 5101 bus
146 5085 154 5112 ,
172 5047 204 5102 et
218 5046 363 5110 dentibus
390 5055 563 5128 tereretur3
590 5057 706 5113 eertum
732 5053 815 5114 enim
844 5055 938 5115 estet
1094 5050 1235 5114 soledus
1247 5049 1391 5128 objectio,
1408 5051 1507 5113 damin
1528 5067 1572 5114 cnr
1584 5051 1724 5114 nolimve

67 5137 200 5214 semper
213 5127 279 5202 luit,
296 5131 405 5193 Christi
418 5145 530 5211 eorpus
544 5133 778 5210 incorruptibile
799 5149 883 5196 nune
904 5146 936 5194 e·
1526 5145 1529 5152 ’
1654 5147 1657 5154 ⁴

65 5211 202 5283 sistens,
220 5225 281 5272 nnn
296 5229 391 5294 posse
405 5214 502 5292 frangi
519 5219 550 5277 et
561 5216 629 5286 teri,
644 5216 702 5277 nisi
718 5215 751 5276 io
765 5216 855 5296 signe
869 5214 934 5278 siun
1015 5233 1035 5244 ..

69 5299 279 5368 sacramento,
302 5298 341 5358 ιιι
355 5301 387 5358 ut
401 5299 519 5360 dicatur
532 5298 629 5378 inungi
654 5315 689 5359 ee
705 5298 760 5360 teri
777 5345 785 5374 ,
810 5313 879 5360 eum
894 5298 935 5359 si·
1020 5295 1177 5376 Objiniuni
1187 5304 1341 5377 postremo
1356 5307 1422 5360 eam
1435 5296 1595 5360 rationem.
1609 5296 1738 5361 inomni
1752 5301 1842 5369 coetn

70 5387 170 5448 gnum
185 5374 267 5458 ejus,
297 5379 377 5442 idest
392 5379 515 5460 speeies
530 5383 618 5458 panis
644 5379 793 5459 inungitur
813 5386 844 5443 et
865 5378 935 5443 leri·
981 5380 1185 5444 multltudiois
1200 5395 1294 5459 saepe
1309 5379 1440 5449 anoidit,
1457 5386 1489 5440 ut
1513 5380 1612 5462 major
1640 5397 1710 5460 pars
1743 5379 1842 5448 vineat

69 5461 129 5514 tur.
143 5453 182 5516 at
197 5462 336 5535 quaesliu
350 5462 421 5536 iuit,
438 5479 475 5524 an
492 5463 625 5542 signum,
638 5463 721 5543 quod
735 5463 882 5542 irnngitur
907 5470 938 5525 et
982 5463 1154 5538 meliorem,
1178 5463 1269 5542 igitur
1284 5463 1314 5524 in
1331 5461 1475 5524 conciliis
1489 5461 1647 5526 Ecclesiae
1662 5509 1669 5532 .
1693 5464 1746 5526 ubi
1769 5461 1842 5534 deii.

71 5537 193 5615 inritus,
210 5545 250 5604 sil
265 5546 380 5623 nudum
397 5545 531 5625 signum.
548 5563 585 5606 an
600 5561 672 5608 vern
686 5545 841 5608 contineat
851 5544 936 5609 Chri·
982 5547 1107 5608 niunlur
1121 5545 1222 5609 omnia
1237 5545 1273 5608 ad
1289 5547 1375 5626 plura
1390 5543 1546 5624 suffragia.
1569 5546 1657 5609 ioeilc
1679 5546 1745 5610 lieri
1758 5551 1843 5624 pole·

71 5621 107 5680 sti
124 5637 242 5703 eorpus
257 5641 373 5714 revera,
390 5636 421 5690 et
432 5627 501 5706 quia
514 5629 719 5707 berengarius
730 5629 875 5692 docuerat
889 5643 939 5691 es·
983 5631 1032 5700 rit,
1048 5637 1083 5691 ut
1096 5630 1251 5707 continget
1265 5643 1361 5692 error.
1377 5627 1494 5692 Deinde
1506 5637 1584 5704 esto,
1600 5631 1729 5692 eorruilia
1745 5629 1843 5708 legito.

72 5719 103 5764 sc
120 5707 240 5772 nudum
256 5710 392 5792 signum,
409 5710 479 5775 ideo
490 5710 657 5795 concilium
671 5711 863 5792 constituens
878 5711 937 5786 ior·
983 5729 1031 5791 mn
1047 5729 1108 5784 nan
1125 5713 1243 5792 possint
1258 5725 1371 5791 errare,
1388 5716 1489 5776 tamnu
1504 5711 1576 5794 quis
1590 5714 1732 5789 notitae
1745 5713 1840 5786 ullum
