4098 6294
278 367 332 422 stit
955 354 1000 412 llll
1019 355 1229 416 Ptttttitttttto

208 502 264 566 sed
279 500 410 572 tradito,
426 492 582 576 quomodo
597 493 764 572 probamus
786 487 942 571 eraagolia
957 494 988 553 ει
1002 490 1068 571 epi·
1111 509 1166 573 pru
1181 489 1316 572 peccatis
1331 496 1391 553 tam
1405 489 1652 574 utrorumguaut
1667 499 1907 574 monueramus
1919 513 1977 578 pa-

206 586 302 649 stolas
316 581 400 647 Pauli
417 593 489 642 csse
504 577 622 642 diuinas
635 573 821 654 Scripturas.
1112 581 1154 640 tet
1168 591 1205 639 cr
1220 574 1276 637 lib.
1292 573 1324 636 2.
1340 573 1481 636 baubab.
1498 590 1568 652 cap.
1588 577 1640 639 ta.

246 665 432 744 Quarta.per
445 660 618 723 evidentem
632 657 847 720 deductionem
859 671 896 718 ex
906 654 1001 718 serbo
1012 655 1067 719 liei
1150 659 1196 722 Ad
1212 657 1339 720 illudes
1356 655 1468 732 Paulo,
1485 656 1578 722 dicor
1595 658 1720 722 Paulum
1735 660 1767 724 ia
1783 675 1821 724 eo
1836 664 1907 727 loco
1922 679 1977 726 su·

124 804 138 828 ,
204 747 486 827 tradquaomodu
502 743 725 820 baugustinus
740 740 855 818 passim
872 738 1065 817 probanpec·
1110 741 1175 804 luna
1191 741 1325 804 uoluisse
1340 738 1520 812 dicere,non
1536 755 1608 804 esse
1622 748 1759 806 mortuns
1771 744 1978 810 immoderate

206 839 307 896 catam
324 829 473 908 originale
494 841 565 887 esse
581 827 610 886 in
627 821 731 902 pueris
746 824 922 885 necessario
938 824 1066 884 creden·
1111 823 1285 894 dellondos,
1302 822 1456 901 quomodo
1471 823 1586 886 etltniui
1602 823 1766 888 lactabant.
1783 827 1827 890 ld
1843 828 1903 891 buo
1917 845 1976 890 aa·

205 915 290 990 dum,
309 911 427 975 etiamsi
447 909 479 970 in
495 906 658 987 Scripturts
675 921 735 966 nun
752 905 1000 984 baberetur.quia
1013 906 1066 966 de.
1111 914 1171 972 tem
1188 907 1377 986 propositum
1403 921 1463 966 non
1479 908 1579 968 sutum
1596 923 1656 968 nnn
1673 909 1837 987 proderat,
1854 911 1911 974 sed
1927 917 1977 973 ει·

203 997 325 1061 ducitur
339 997 496 1056 euidenter
510 1006 546 1053 ex
573 988 734 1052 traditione
759 987 923 1064 apostolica
939 993 978 1048 de
993 987 1066 1066 bap·
1110 989 1169 1051 iarn
1185 992 1290 1066 operat
1306 985 1419 1048 mentio
1433 989 1725 1069 purgatoriillluere
1741 992 1836 1063 caira,
1851 994 1976 1056 animes

204 1080 294 1142 tismo
311 1076 516 1154 paruulorum.
530 1071 715 1136 sufficientia
732 1072 840 1132 lterum
857 1074 985 1148 qtratuor
1000 1087 1064 1133 mu·
1110 1072 1351 1151 propinquorum
1367 1071 1546 1148 grauissime
1570 1075 1702 1152 torqrreri
1720 1075 1749 1135 in
1767 1077 1970 1154 purgatorio,

203 1162 313 1224 dorum
329 1161 402 1220 inda
418 1163 511 1237 patet,
528 1156 599 1234 quie
615 1156 645 1216 id
662 1155 762 1216 sulum
779 1160 826 1214 est
841 1153 880 1214 de
895 1151 913 1212 ll
928 1156 966 1226 ιε,
983 1153 1066 1234 quod
1109 1171 1170 1217 non
1187 1161 1234 1216 est
1248 1151 1367 1214 adlerre
1383 1153 1537 1215 materiam
1553 1156 1785 1230 consolationis,
1801 1159 1857 1220 sed
1872 1160 1973 1238 majo·

204 1250 282 1308 esta
299 1243 362 1306 lleu
377 1241 543 1304 revelatum
560 1239 703 1308 mediata,
720 1237 767 1297 rel
782 1235 968 1310 immediate,
979 1251 1066 1297 reue·
1109 1235 1151 1299 ris
1167 1238 1281 1310 lactus3
1297 1235 1408 1297 Paulus
1423 1243 1525 1297 autem
1543 1239 1694 1300 consolari
1711 1239 1831 1302 uolebat
1846 1255 1922 1316 eos,
1940 1247 1977 1304 ut

204 1327 336 1389 lotiones
350 1330 449 1387 autem
466 1322 585 1384 divinae
601 1319 709 1401 partim
725 1318 856 1398 scriptae
871 1318 1066 1398 sunt,partim
1110 1325 1203 1400 patet,
1220 1327 1250 1382 el
1264 1319 1336 1380 ideo
1352 1319 1491 1380 meminit
1505 1321 1741 1384 resurrectionis
1756 1329 1787 1384 et
1801 1322 1931 1402 gloriam
1942 1330 1979 1385 et

204 1425 267 1472 nun
283 1407 427 1485 scriptae.
443 1403 550 1483 ltaque
566 1404 689 1466 decreta
706 1404 909 1466 conciliorum
921 1407 951 1462 at
967 1402 1066 1478 ponti·
1108 1403 1285 1466 concludit:
1300 1401 1416 1485 ltaque
1430 1401 1646 1466 cumulamine·
1659 1405 1799 1468 inuiceru
1811 1408 1850 1469 tn
1863 1407 1975 1470 uerbis

203 1490 297 1554 llcum
312 1495 343 1552 ει
355 1490 513 1552 ducturam
529 1492 749 1556 consensus,et
763 1485 820 1546 alla
837 1483 938 1545 omnia
954 1485 991 1544 ad
1008 1485 1065 1546 isla
1106 1487 1188 1549 εἐιιε.
1204 1485 1240 1548 ln
1256 1483 1324 1546 aliis
1339 1491 1440 1545 autem
1457 1483 1582 1560 locis,ut
1597 1487 1626 1547 in
1643 1487 1736 1563 priori
1752 1489 1886 1567 epist.ad
1901 1489 1975 1552 Gor.
2036 1441 2039 1542 Ι

204 1581 335 1654 quatuor
349 1570 548 1652 reducuntur,
567 1575 640 1630 tanc
655 1568 737 1630 onim
753 1567 853 1630 sulum
870 1565 985 1628 lactant
998 1581 1065 1628 rem
1109 1586 1177 1650 cap.
1194 1568 1224 1631 ll.
1242 1573 1272 1629 ει
1287 1565 1370 1629 lbet
1384 1566 1421 1626 ad
1437 1563 1596 1630 Hebraeos
1613 1567 1781 1632 lll.diserte
1792 1571 1976 1650 Pauluspo·

202 1657 242 1717 de
256 1653 402 1725 dducam
418 1651 571 1732 explicant
587 1650 713 1715 uerbum
726 1649 848 1726 liniant
861 1649 935 1711 iude
949 1648 1066 1728 aliquid
1108 1653 1155 1714 nit
1168 1653 1271 1730 ignem
1285 1647 1500 1728 purgatorii,et
1512 1649 1699 1730 baptismum
1711 1652 1903 1717 laboriosum
1916 1670 1975 1731 pru

203 1737 371 1801 deducunt.
1109 1734 1237 1798 mortuis
1250 1735 1442 1809 susceptum,
1505 1801 1508 1807 ¹

242 1820 307 1883 lam
322 1833 395 1882 roro
409 1818 459 1880 lats
474 1817 620 1882 omnibus
644 1815 745 1880 modis
761 1814 906 1894 probatur
920 1819 1064 1894 purgato·
1149 1818 1194 1879 Ad
1205 1814 1376 1880 secundum
1389 1812 1975 1900 dicozlicclesiamgreeuamnumquam

142 1919 145 1928 ⁴
202 1903 293 1966 rium.
310 1901 381 1964 llam
405 1900 559 1979 deprimo
585 1901 677 1962 modo
704 1905 786 1978 patet
812 1912 849 1960 ex
863 1897 969 1978 uiginti
986 1899 1063 1960 lucis
1108 1899 1266 1963 dubitasse
1280 1898 1320 1959 de
1335 1897 1527 1976 purgatorio,
1542 1903 1576 1960 ut
1590 1904 1673 1976 patet
1687 1914 1725 1961 es
1741 1899 1880 1964 Patribus
1897 1903 1974 1962 cita-

203 1984 402 2063 scripturae,
421 1998 499 2063 quae
514 1981 692 2054 attulimus,
709 1996 839 2062 quorum
853 1981 954 2060 aliqua
971 1995 987 2041 a
1003 1986 1065 2044 tota
1105 1983 1158 2059 lis3
1175 1979 1320 2061 llionysio
1336 1978 1529 2060 areopagita,
1547 1977 1681 2056 Origene
1695 2027 1704 2052 ,
1720 1980 1897 2056 Athanasio,
1915 1982 1974 2044 Ba·

201 2065 341 2130 Ecclesia
359 2071 554 2145 exponuntur
565 2063 603 2126 de
615 2063 838 2150 purgatorium
849 2068 980 2140 patetex
992 2079 1065 2126 can·
1106 2066 1176 2128 silio
1191 2109 1199 2138 ‚
1216 2063 1361 2142 Gregorio
1378 2061 1583 2132 nazianzeno,
1600 2060 1747 2142 Gregorio
1762 2080 1915 2146 nysseno,
1931 2065 1984 2128 E·-

203 2150 285 2212 cllils
299 2154 331 2214 et
345 2146 499 2220 Patribus,
516 2161 595 2226 quos
607 2147 777 2209 citavimus.
1106 2149 1226 2227 pirrum,
1243 2145 1472 2224 chrysostomo,
1490 2142 1614 2224 cyrillo.
1629 2145 1812 2225 llpiplannio,
1826 2146 1974 2210 Theudo-

245 2231 290 2294 lle
305 2230 443 2294 secando
459 2231 550 2292 modo
567 2235 649 2308 patet
663 2245 701 2292 ex
716 2228 836 2292 duabus
851 2225 959 2307 primis
974 2227 1065 2290 ratio·
1105 2234 1193 2303 reto,
1211 2227 1423 2301 Oacuraonio,
1440 2224 1691 2307 Theophglacto,
1707 2228 1921 2302 Damascena,
1939 2235 1973 2293 et

204 2314 309 2382 nibus,
327 2329 404 2394 quas
420 2311 562 2374 lecimus.
1107 2313 1229 2392 cripso
1244 2309 1377 2373 concilio
1388 2307 1563 2372 florentino.
1581 2309 1655 2372 llam
1670 2311 1753 2391 quud
1769 2311 1878 2376 Petrus
1890 2313 1971 2374 llar-

245 2397 288 2458 lla
304 2396 391 2457 tertio
407 2394 498 2456 modo
514 2394 712 2473 perspicuum
728 2399 776 2456 est
789 2409 827 2456 es
842 2409 891 2468 eo,
904 2392 986 2473 quod
1001 2409 1064 2456 non
1105 2401 1153 2474 tgr
1167 2395 1263 2464 dicit,
1280 2393 1311 2453 in
1327 2407 1365 2453 eo
1379 2390 1511 2454 concilio
1536 2390 1640 2454 Patres
1655 2408 1784 2472 graecus
1809 2395 1863 2457 dio
1879 2395 1973 2458 rosti-

202 2478 377 2542 invenimus
392 2477 513 2539 initium
529 2477 622 2556 hujus
637 2476 800 2556 dogmatis,
817 2478 872 2538 sed
888 2490 997 2538 ornnes
1012 2491 1061 2536 ve·
1105 2479 1194 2548 lisso,
1211 2474 1408 2538 mendacium
1422 2473 1638 2550 estrsiquldem
1653 2477 1685 2537 ia
1701 2477 1797 2555 prima
1809 2476 1971 2552 sessione,

202 2567 286 2624 teres
302 2559 407 2622 Graeci
424 2566 454 2622 ει
466 2557 561 2622 latini
574 2559 612 2621 ab
624 2561 692 2640 ipso
704 2565 841 2636 ternpore
854 2559 1063 2637 apostulorum
1105 2565 1136 2622 et
1147 2573 1270 2622 rursum
1287 2559 1317 2617 in
1335 2556 1450 2630 ultime,
1468 2555 1676 2630 affirmant,se
1692 2565 1842 2636 perpetuu
1858 2577 1973 2642 parga-

201 2648 380 2706 constanter
394 2642 565 2704 docuerunt
577 2647 786 2722 purgatorium
798 2641 966 2704 esse.l‘alia
980 2643 1061 2702 eninr
1108 2643 1221 2706 lorium
1235 2638 1418 2712 credidisse,
1435 2644 1467 2700 et
1480 2637 1650 2700 orationem
1666 2655 1720 2718 pro
1736 2641 1904 2715 detunctis,
1915 2643 1975 2706 sed

202 2726 239 2788 ad
254 2724 453 2803 apostolicam
468 2723 663 2787 traditionem
678 2723 838 2787 relerenda
855 2739 938 2796 esse,
954 2721 986 2783 b.
1003 2721 1062 2784 Aa·
1104 2724 1205 2787 solum
1222 2722 1379 2801 ambigere
1395 2719 1434 2784 de
1448 2720 1593 2797 unalitate
1608 2735 1749 2800 poanaa;
1765 2724 1810 2786 Aa
1827 2725 1867 2787 sit
1882 2725 1971 2788 vide·

202 2809 345 2888 gaslluus
361 2806 489 2870 alllrmat
502 2806 559 2869 lib.
575 2807 606 2869 l.
623 2806 663 2870 de
677 2805 831 2886 baptismo
846 2813 951 2870 contra
965 2805 1063 2867 liona-
1103 2808 1178 2869 licet
1191 2805 1295 2885 ignis,
1311 2819 1350 2866 an
1376 2803 1493 2883 aliquid
1510 2801 1606 2865 aliud.
1623 2802 1708 2877 Quod
1730 2820 1805 2884 ergo
1819 2805 1860 2869 de
1876 2805 1976 2869 Grae·

201 2892 291 2953 tisias
307 2907 377 2970 cap.
394 2889 446 2952 ll.
1107 2889 1153 2951 cis
1165 2889 1309 2968 jactatur,
1325 2884 1406 2964 quud
1422 2884 1632 2965 purgatorium
1649 2893 1774 2965 negent,
1790 2894 1843 2952 aut
1855 2895 1905 2952 est
1916 2889 1976 2952 lal-

242 2973 286 3036 lle
301 2979 408 3053 quartu
424 2969 515 3032 modo
529 2975 613 3049 patet
626 2986 664 3034 err
679 2969 849 3041 clemente,
862 2968 1061 3042 tertulliano,
1107 2987 1198 3043 suan,
1221 2977 1273 3033 ant
1286 2969 1326 3032 de
1340 2966 1574 3047 particularibus
1599 2968 1779 3034 bominibus
1792 2969 1977 3052 intelligen-

201 3055 374 3134 Gpipbanlo
404 3059 434 3116 ει
449 3052 666 3133 chrysostomo
681 3069 773 3132 supra
790 3053 911 3130 citatis3
927 3052 997 3130 qula
1014 3067 1062 3114 ese
1108 3054 1181 3117 dum
1198 3057 1257 3114 est.

202 3143 331 3212 serunt,
347 3137 518 3201 orationem
532 3151 588 3212 pru
609 3135 762 3198 defunctis
777 3150 848 3198 esse
864 3135 1064 3213 apostolicam
1146 3135 1181 3197 lu
1194 3134 1283 3198 tertio
1295 3138 1476 3214 argumento
1488 3131 1711 3196 mirorPetrum
1721 3135 1974 3216 llartyrem3nam

204 3217 422 3295 traditionem
439 3223 470 3281 et
486 3218 560 3279 nulli
578 3233 712 3297 unquam
728 3223 863 3280 aeterum
880 3217 1064 3281 contrarium
1107 3219 1165 3281 etsi
1191 3217 1357 3299 Dionysias
1372 3231 1435 3278 aun
1450 3214 1588 3278 nominat
1614 3218 1845 3297 purgatorium,
1865 3226 1973 3281 tamea

206 3301 360 3365 dixerunt.
378 3301 456 3362 llinc
480 3298 563 3361 enim
580 3300 738 3363 euidenter
751 3300 906 3378 colligitur
920 3305 1062 3379 purgato·
1107 3315 1255 3378 expresse
1269 3299 1344 3363 dicit
1356 3343 1368 3374 ,
1382 3297 1461 3360 orari
1488 3313 1543 3376 pro
1559 3299 1735 3374 deluderis,
1753 3307 1814 3362 uta
1832 3301 1975 3379 peccatis

203 3384 284 3446 riam
299 3399 382 3446 esse.
398 3383 471 3444 llarn
486 3383 511 3444 si
528 3383 649 3445 traditio
664 3390 711 3446 est
725 3383 1063 3464 apostolica,orandam
1107 3382 1288 3445 liberentur.
1305 3379 1357 3444 Sic
1371 3379 1510 3444 enimait
1524 3395 1592 3458 cap.
1609 3381 1640 3444 l.
1661 3389 1739 3460 part.
1756 3382 1786 3445 3.
1802 3382 1985 3459 Ρεεειὸειε,.

204 3481 276 3530 osse
292 3481 347 3547 pro
362 3463 530 3542 deiunotis;
545 3465 615 3543 qais
630 3482 692 3528 non
705 3467 850 3540 advertat,
860 3465 1005 3527 contiuuo
1018 3465 1063 3525 in·
1106 3465 1217 3544 inquit,
1233 3482 1257 3528 o
1270 3463 1385 3527 &uino
1398 3461 1596 3542 benignitate
1611 3465 1793 3536 mntmadit.
1804 3471 1843 3530 ut
1856 3468 1977 3532 omnia

200 3549 241 3611 de
258 3548 347 3629 sequi
362 3593 370 3618 .
387 3553 420 3610 ut
435 3545 554 3610 animae
571 3551 640 3627 pust
655 3547 736 3612 banc
750 3551 841 3610 ultam
855 3551 966 3628 egeant
980 3547 1064 3609 auxi·
1105 3553 1261 3628 peccota.
1278 3561 1363 3626 quae
1377 3546 1524 3608 humano
1546 3544 1723 3626 fragilitate
1737 3549 1885 3613 omnisne
1897 3555 1978 3612 sunt

200 3631 254 3707 lio,
271 3638 302 3692 et
316 3630 446 3710 proinde
461 3629 523 3692 sint
538 3629 569 3690 ia
584 3631 694 3709 poenis
711 3647 770 3694 non
784 3630 993 3709 sempiternis,
1007 3629 1063 3691 sed
1108 3632 1159 3706 el,
1177 3631 1236 3710 qui
1249 3629 1386 3694 euomuit
1401 3629 1517 3701 evita,
1533 3631 1686 3694 remittat.
1699 3628 1817 3694 lleinde
1838 3632 1975 3712 quaerit,
2043 3585 2045 3694 l

200 3711 436 3791 temporalibus.
452 3711 558 3792 Neque
572 3719 750 3793 argumenta
762 3713 844 3778 Petri
858 3713 997 3794 llartpris
1008 3712 1063 3774 dil·
1108 3729 1163 3777 cur
1177 3717 1281 3775 uretur
1303 3727 1357 3790 pro
1372 3709 1549 3781 damnatis,
1567 3712 1659 3774 ateis
1675 3719 1798 3791 peccata
1814 3715 1978 3778 remittan-

202 3795 324 3868 llculter
337 3795 416 3857 solui
431 3799 575 3874 pussant.
1106 3801 1166 3870 tur,
1182 3811 1253 3858 cum
1268 3795 1415 3872 scriptum
1432 3795 1472 3854 sii
1486 3807 1596 3854 ornnes
1608 3800 1812 3873 accepturos,
1831 3801 1928 3875 prout
1941 3796 1977 3858 iu

242 3878 284 3940 td
300 3877 433 3958 primum
449 3891 523 3956 ergo
537 3876 724 3955 respondeo,
741 3876 841 3958 primu
853 3893 915 3942 aaa
926 3891 998 3941 esse
1009 3891 1063 3942 ue·
1107 3893 1238 3958 corpore
1253 3874 1431 3956 gesserint?
1445 3873 1482 3936 lit
1496 3876 1686 3953 respondet,
1704 3876 1775 3940 ideo
1790 3877 1885 3952 orari,
1901 3879 1978 3956 quta

204 3975 307 4034 cesse,
323 3964 357 4023 at
371 3959 524 4039 Scriptura
541 3958 657 4040 ubique
672 3961 773 4022 omnia
790 3959 883 4023 dicat.
1067 3959 1071 3968 '
1108 3960 1154 4024 illi
1171 3976 1227 4040 per
1241 3957 1348 4021 merita
1361 3957 1455 4038 huius
1470 3957 1548 4019 ritae
1563 3957 1647 4037 digni
1664 3959 1734 4022 lacti
1750 3966 1841 4034 sunt,
1857 3959 1977 4039 quibus

248 4043 323 4107 llice
339 4042 478 4105 secundo
493 4042 529 4103 ad
545 4041 620 4104 illud
636 4042 675 4106 do
690 4042 816 4119 Genesi,
831 4043 863 4104 iu
878 4041 991 4104 Genesi
1003 4057 1065 4106 noa
1106 4058 1218 4124 preces
1231 4040 1397 4105 virentium
1423 4039 1619 4120 prodessent.
1636 4041 1700 4104 llisi
1722 4057 1797 4120 ergo
1812 4057 1840 4105 s.
1856 4042 1976 4124 llioap·

203 4125 301 4190 luisse
316 4124 510 4187 occasionem
526 4122 663 4202 ponendi
683 4124 852 4187 doctrinam
868 4124 907 4186 de
922 4131 1064 4204 purgato·
1108 4128 1173 4190 sius
1189 4139 1296 4189 secura
1321 4125 1390 4201 lpse
1406 4122 1606 4201 pugnaverit,
1624 4139 1687 4186 noa
1712 4126 1811 4202 potuit
1824 4130 1976 4204 purgato·

203 4210 263 4273 rio.
279 4209 351 4270 data
367 4205 498 4269 Genesis
512 4221 575 4268 uon
590 4210 639 4268 est
653 4206 731 4270 liber
746 4206 935 4285 dogmatum,
948 4206 1004 4270 sed
1017 4207 1063 4268 lri·
1106 4210 1187 4272 rium
1199 4207 1342 4287 ignorare
1356 4251 1364 4278 ,
1380 4210 1434 4268 aut
1449 4220 1561 4284 negare
1575 4221 1646 4268 cum
1661 4211 1722 4268 tam
1737 4211 1845 4285 aperte
1860 4208 1976 4270 oratio-

202 4291 296 4353 storia
311 4289 463 4368 quaedam
490 4289 742 4366 patriarcharum.
759 4289 851 4351 Porro
867 4289 1004 4371 doctrina
1027 4305 1065 4352 eo
1108 4307 1180 4354 aem
1196 4295 1313 4353 asserat
1328 4303 1386 4367 pro
1397 4287 1613 4350 detunctorum
1628 4289 1776 4367 peccatis.

202 4379 342 4452 tempore
358 4386 420 4432 non
436 4369 604 4450 Scriptura,
615 4370 670 4433 sed
686 4371 847 4435 traditione
862 4371 1062 4435 conservabo·
1148 4372 1193 4436 Ad
1208 4381 1369 4454 quartum,
1386 4369 1572 4450 opponimus
1587 4369 1644 4432 alia
1667 4369 1734 4434 luca
1750 4386 1778 4434 s.
1793 4371 1971 4451 Augustini.

200 4461 263 4518 tur.
279 4455 352 4516 bam
367 4452 482 4532 alloqui
507 4453 647 4515 dicemus
661 4499 669 4526 ,
685 4457 756 4517 ante
770 4453 911 4517 abrabae
927 4461 1063 4533 tempora
1107 4455 1181 4518 llam
1196 4455 1228 4518 iu
1244 4454 1354 4516 eodem
1366 4451 1536 4516 enchiridia
1552 4467 1620 4529 cap.
1640 4451 1711 4515 llll.
1727 4455 1973 4524 asseriboratio·

201 4536 358 4600 neminem
384 4534 482 4597 luisse
494 4533 717 4615 justificatum,
734 4537 805 4618 quia
831 4535 986 4616 Scriptura
1002 4553 1064 4599 noa
1107 4553 1165 4601 aes
1180 4544 1212 4601 et
1226 4535 1375 4601 sacrificia
1400 4533 1551 4614 prodesse
1577 4535 1763 4607 animabus,
1780 4540 1812 4596 ει
1825 4535 1973 4598 similiter

201 4619 316 4692 tradit,
332 4616 487 4696 quomodo
498 4615 741 4695 justificarentur
766 4619 909 4682 homines
926 4625 1064 4699 tempore
1108 4638 1139 4700 q.
1156 4620 1187 4682 2.
1204 4620 1243 4683 ad
1257 4617 1434 4690 Dulcitiuar,
1451 4620 1482 4678 ει
1496 4614 1607 4680 lib.2l.
1623 4617 1662 4678 de
1678 4616 1765 4680 Girit.
1778 4616 1835 4682 llel
1846 4616 1976 4698 capu.

201 4703 296 4776 ldae,
311 4699 453 4773 lleaoeb,
470 4699 543 4761 lllie.
1107 4703 1193 4774 dicit,
1211 4709 1365 4776 constare,
1381 4699 1498 4762 animas
1511 4699 1636 4778 purgari
1652 4705 1721 4779 post
1736 4700 1817 4764 banc
1832 4701 1975 4774 vitamet

242 4785 317 4848 lliou
332 4779 602 4859 ultimo‚implicite
618 4781 727 4845 saliem
742 4783 894 4848 contineri
906 4781 938 4845 iu
951 4782 1064 4847 Genesi
1111 4802 1180 4864 cap.
1198 4785 1227 4848 l.
1244 4785 1284 4846 de
1300 4800 1372 4847 cara
1389 4797 1443 4860 pro
1459 4784 1587 4844 mortuis
1602 4785 1721 4861 agenda
1736 4780 1898 4848 dicitzllan
1911 4783 1976 4848 du·

200 4867 393 4931 mentionem
409 4863 575 4942 purgatorii
588 4882 597 4939 3
614 4866 738 4944 quaudo
759 4866 842 4929 enirn
858 4867 970 4928 dicitur
985 4866 1062 4930 Gen.
1109 4867 1199 4931 bium
1213 4873 1269 4939 εει,
1284 4867 1438 4946 prodesse
1453 4863 1634 4928 orationem
1648 4864 1822 4942 deiteootc‘s.

201 4947 253 5021 23.
270 4949 309 5012 dt
322 4946 469 5012 summit
481 4943 647 5010 turanum
661 4948 702 5011 ub
717 4948 820 5030 afficio
834 4949 978 5027 limeris,
993 4951 1064 5029 quis
1149 4949 1332 5029 llcspoadet
1347 4948 1454 5010 l‘etrus
1470 4946 1598 5026 llartpr:
1615 4947 1734 5010 bebere
1749 4948 1827 5012 baec
1840 4948 1908 5013 luca
1922 4961 1976 5012 cx·

201 5030 346 5108 probibet
362 5045 417 5110 per
430 5023 684 5108 illudofficium,
699 5031 873 5112 intelligere
888 5047 950 5095 noa
963 5035 1063 5095 sulum
1109 5033 1183 5112 poni
1200 5047 1256 5112 per
1270 5030 1335 5108 illa,
1351 5031 1384 5092 ia
1399 5029 1514 5109 quibus
1529 5029 1698 5095 dubitabit
1708 5031 1979 5112 duomudumuae·

199 5111 374 5194 lachrymas
387 5159 395 5184 ,
412 5110 468 5174 sed
489 5113 581 5172 etiarn
596 5113 766 5176 orationem
791 5121 822 5176 ει
833 5113 989 5195 jejunium
1001 5115 1017 5176 ι
1031 5124 1062 5177 ει
1107 5129 1156 5189 su,
1173 5129 1387 5192 exponemus3
1404 5116 1547 5186 coastat,
1563 5117 1595 5174 ει
1608 5128 1673 5175 uon
1688 5111 1817 5177 dublum
1833 5120 1902 5188 ost,
1917 5128 1979 5192 per

203 5207 271 5266 car,
287 5205 414 5274 quaeso,
429 5191 524 5256 Jacob
540 5196 571 5255 ει
584 5191 713 5273 tosepb,
731 5195 762 5258 la
778 5196 916 5277 Aegypta
932 5196 1063 5260 marien·
1107 5198 1172 5274 illa3
1186 5195 1374 5260 Incredibile
1390 5209 1451 5258 non
1467 5201 1526 5266 est,
1543 5200 1586 5274 εις
1600 5193 1715 5257 Forsan
1729 5209 1838 5258 uerum
1849 5194 1975 5260 ostillo-

202 5281 273 5348 tes,
289 5277 451 5355 cupierunt
465 5291 536 5338 ossa
552 5289 607 5338 sua
623 5276 734 5340 deterri
757 5279 789 5341 in
805 5285 914 5342 terrena
930 5280 1062 5357 promis·
1108 5295 1198 5342 cesse
1214 5285 1263 5342 est
1275 5279 1369 5357 igitur
1382 5277 1710 5358 dicere.bugustinum
1721 5277 1890 5357 aliquiddo
1902 5294 1979 5357 pur·

204 5353 322 5427 sionis,
338 5357 398 5421 nisi
414 5357 484 5438 quia
501 5357 543 5422 ibi
558 5359 659 5422 solum
674 5357 823 5424 sacrilloia
839 5377 894 5443 pro
910 5362 1063 5425 defunctis
1108 5361 1225 5441 gatoriu
1240 5366 1323 5425 certa
1338 5359 1398 5422 lide
1413 5360 1599 5434 tenuissem
1613 5359 1652 5422 de
1667 5361 1771 5440 aliqua
1786 5376 1822 5423 re
1836 5360 1979 5424 dubitas·

203 5436 344 5504 lactanda
361 5453 432 5503 esse
449 5445 608 5503 nouerant.
1108 5459 1165 5519 se,
1181 5444 1256 5523 qaid
1281 5441 1375 5505 sitda
1389 5458 1451 5522 quo
1465 5439 1637 5515 dubitarit,
1654 5458 1713 5506 aas
1727 5441 1822 5506 lacilo
1836 5457 1979 5523 expone·

243 5517 286 5580 td
302 5518 378 5583 illud
394 5521 433 5583 de
448 5519 678 5603 beriticn,aegu
693 5540 754 5588 aaa
770 5525 867 5590 luisse
882 5526 914 5589 ia
927 5525 1062 5590 Leuitico
1109 5542 1190 5589 mas.
1205 5525 1244 5589 tt
1259 5540 1320 5589 nou
1334 5524 1375 5587 ita
1392 5525 1504 5604 poterit
1518 5523 1571 5586 illc
1587 5539 1757 5603 exponere,
1776 5525 1852 5605 quid
1866 5525 1919 5600 sit,
1936 5525 1980 5590 de

201 5598 1059 5689 instituasacrtttctaprodetunctts,quandoquidenitta,
1108 5623 1170 5688 qao
1184 5623 1246 5671 non
1261 5605 1429 5686 dubitarit3
1446 5605 1523 5670 nibil
1538 5605 1622 5670 enirn
1644 5605 1753 5670 minus
1767 5607 1833 5672 dari
1850 5613 1980 5688 potest,

202 5697 282 5774 quae
304 5681 444 5757 instituta
459 5692 534 5760 sunt
557 5703 613 5778 pru
638 5691 772 5770 peccatis
786 5736 794 5766 ,
810 5690 1061 5776 intelligebantur
1107 5707 1197 5782 quam
1211 5706 1281 5755 cam
1296 5706 1358 5756 uua
1372 5689 1530 5755 dubitasse
1545 5688 1584 5764 de
1599 5689 1781 5772 purgatorio
1796 5691 1827 5762 iu
1841 5705 1974 5777 maere,
