4056 6302
248 308 284 366 62
595 387 598 395 ¹
821 303 864 362 DF.
885 300 1113 360 cudetttbttblt
1131 299 1363 360 onerositate

177 441 215 504 ad
242 441 406 506 scribenda
429 457 481 519 ea„
501 461 580 524 quae
609 444 747 508 riderent
775 440 823 504 rei
836 436 996 502 audierant
1011 443 1042 498 et
1091 411 1173 496 ciliis
1187 433 1316 496 maximo
1330 448 1403 513 pars
1417 437 1552 498 aetorum
1572 437 1609 499 ud
1625 435 1717 500 iidem
1734 454 1794 500 non
1810 437 1957 518 pertinet.

177 541 233 590 cos
258 525 420 606 dirigebat,
448 542 489 588 ne
514 528 617 607 aliquo
633 528 724 589 inodo
740 528 889 588 errarent.
907 519 942 580 tlt
957 522 1041 582 euim
1088 518 1251 579 donanim
1269 524 1342 580 sunt
1356 517 1801 612 deiidedispotationesquae
1813 527 1959 600 praemit·

177 608 288 672 dicitur
302 623 374 670 vere
389 608 519 686 epistola
535 609 697 689 principis,
714 622 824 687 quaea
841 601 980 682 principe
994 603 1042 664 di·
1089 605 1217 672 tuutnr,
1236 614 1337 678 neque
1362 606 1499 664 ratumes
1515 619 1595 679 quae
1610 603 1783 677 adduntur,
1801 619 1906 684 neque
1922 623 1958 669 ea

176 697 285 766 obitur,
312 690 433 754 etiamsi
448 692 486 764 is,
504 694 555 771 qui
572 709 638 756 eam
654 692 791 768 scripsit,
809 695 895 749 antea
911 684 1040 761 sciebat,
1088 698 1167 762 quae
1182 683 1218 744 ad
1235 683 1450 762 explicandum
1467 691 1506 763 ‚et
1521 684 1736 748 illustrandum
1752 687 1957 754 adferuntur.

176 789 255 850 quae
272 773 441 852 scripturus
456 781 532 853 erat,
546 775 584 836 ita
596 775 755 852 dicitur,et
766 777 813 834 est
831 767 1043 832 immediatum
1087 765 1143 828 sed
1160 770 1274 826 tantum
1290 765 1356 844 ipsa
1373 766 1452 828 ouda
1469 767 1638 840 decretam
1653 785 1687 830 ea
1704 786 1765 831 non
1781 771 1958 834 omniased

176 856 231 918 liei
246 856 383 928 verbum,
396 855 478 934 quod
490 857 638 937 scriptum
649 863 696 920 est
705 857 742 918 ab
754 851 963 932 evangelistis,
977 850 1042 913 Deo
1087 853 1202 909 tautum
1218 863 1298 926 qnae
1312 854 1526 927 proponuntur
1552 851 1698 926 tanquam
1710 853 1749 914 de
1766 851 1839 915 lide.
1856 853 1956 917 inter·

176 939 345 1018 inspirante
371 944 402 1000 ot
433 938 598 1018 dirigente,
614 940 687 1002 licet
702 938 883 1015 scripserint
898 951 946 1004 ea,
962 949 1042 1012 quac
1087 930 1160 992 dum
1177 930 1258 992 cuim
1280 931 1409 992 concilia
1436 931 1549 1010 aliquid
1567 933 1741 1010 definiunt,
1760 951 1823 996 non
1842 942 1877 998 ut
1893 953 1959 998 cer·

176 1023 315 1084 uiderunt
329 1020 558 1084 velaudicrani.
588 1026 624 1086 At
634 1021 763 1085 concilia
777 1035 837 1080 non
850 1018 975 1088 habeut,
990 1031 1043 1080 ne·
1088 1014 1221 1084 tumsed
1238 1019 1270 1074 ut
1285 1013 1493 1089 probabilem
1507 1015 1673 1078 concilium
1685 1017 1957 1098 viennensequort

177 1120 239 1181 que
264 1103 405 1171 scribunt
430 1103 624 1168 immediatas
648 1104 862 1173 revelationes,
887 1104 937 1161 aut
952 1097 1044 1160 rerba
1089 1095 1224 1160 docrevit
1241 1141 1249 1169 ,
1265 1096 1432 1158 tenendum
1458 1103 1490 1158 ut
1505 1099 1697 1176 probabilius
1714 1147 1722 1171 ,
1740 1100 1911 1162 infamibus
1928 1103 1957 1163 iu

178 1187 247 1258 liei,
274 1189 329 1248 sed
358 1189 472 1246 tuntum
498 1187 667 1266 declarant,
694 1187 846 1265 quodnam
864 1182 903 1245 sit
917 1182 1044 1243 verbum
1089 1178 1241 1257 baptismo
1267 1177 1387 1240 iniundi
1412 1179 1539 1258 gratiam
1564 1188 1595 1244 et
1610 1184 1736 1244 virtutes
1753 1229 1760 1255 ,
1778 1189 1811 1244 ut
1826 1184 1959 1246 babetur

177 1269 232 1330 liei
247 1259 395 1346 scriptum
410 1267 457 1330 vel
473 1270 666 1344 traditum,et
680 1267 834 1346 quomodo
849 1264 979 1343 intelligi
992 1265 1044 1328 de·
1088 1260 1239 1324 blemeut.
1255 1260 1341 1323 unic.
1357 1261 1395 1322 de
1412 1274 1526 1324 sonim.
1543 1262 1650 1336 Triuit.
1669 1273 1699 1324 et
1714 1264 1774 1327 lide
1788 1268 1955 1328 catholica.

177 1351 259 1424 beat,
277 1360 307 1412 et
322 1357 480 1428 praeterea
495 1369 533 1416 ex
546 1354 584 1416 eo
600 1369 655 1432 per
669 1349 933 1414 ratiocinationem
948 1349 1044 1414 dedu·
1089 1342 1217 1418 Quando
1230 1343 1503 1438 autemdecretnm
1525 1348 1729 1425 proponitur,
1748 1355 1902 1428 tamquam
1920 1353 1959 1412 de

177 1441 250 1494 curri
264 1431 494 1496 conclusiones.
510 1434 617 1516 ltaque
632 1433 760 1496 concilia
785 1449 855 1494 cum
870 1428 1043 1504 definiunt,
1089 1426 1150 1488 ilde
1164 1471 1173 1500 ,
1189 1425 1281 1488 lacile
1295 1432 1492 1504 cognoscitur
1506 1441 1543 1489 ex
1557 1431 1659 1493 verbis
1675 1433 1816 1508 concilii3
1833 1448 1961 1510 semper

177 1515 232 1594 qui
242 1515 303 1576 siut
314 1512 383 1576 libri
397 1517 538 1579 canonici
551 1524 581 1581 et
595 1516 702 1583 divini.
718 1531 780 1578 uon
794 1514 908 1576 iaciunt
930 1527 985 1574 eos
997 1529 1045 1574 es·
1090 1508 1175 1571 enim
1189 1507 1292 1570 dicere
1307 1508 1420 1582 solent,
1436 1521 1471 1571 se
1486 1511 1641 1588 explicare
1657 1513 1749 1576 iidem
1763 1515 1960 1590 catholieamr

179 1614 213 1658 se
233 1597 406 1660 inlellibilis
430 1600 589 1676 raritatis,
610 1599 666 1662 sed
681 1598 838 1662 declarant
852 1597 952 1660 solum
975 1610 1045 1659 esse
1090 1593 1138 1654 vel
1154 1590 1326 1652 haereticos
1343 1590 1515 1664 habendos,
1532 1595 1584 1672 qui
1600 1599 1786 1658 contrarium
1802 1600 1955 1660 sentiunt:

178 1679 268 1742 tates.
733 1727 734 1735 ,
1089 1673 1138 1736 vel
1153 1673 1234 1751 quod
1251 1680 1298 1735 est
1312 1674 1609 1749 communissimum,
1626 1677 1732 1740 ‹tiouut
1746 1681 1920 1748 anathema,
1931 1691 1962 1742 ot

219 1763 269 1840 Sic
285 1762 374 1823 etiam
391 1764 557 1824 concilium
575 1764 793 1834 tridentinum,
810 1778 890 1824 sess.
910 1760 959 1820 l3.
976 1777 1044 1839 cap.
1091 1757 1129 1819 ab
1144 1755 1282 1818 Ecclesia
1297 1756 1464 1848 excludunt
1474 1761 1597 1837 eosqui
1610 1761 1794 1822 contrarium
1807 1763 1959 1825 sentiunt.

183 1846 211 1903 t.
230 1862 298 1904 cum
316 1844 434 1918 delinit,
450 1847 543 1908 rerba
559 1846 633 1907 illa:
650 1846 714 1908 Hoc
730 1851 775 1907 cat
790 1861 906 1924 corpus
920 1859 1041 1914 naeuus,
1092 1838 1219 1916 Quando
1235 1843 1338 1900 autem
1351 1837 1431 1900 uruit
1445 1838 1554 1901 borum
1570 1841 1686 1917 dieunt,
1699 1860 1759 1904 uon
1776 1853 1824 1908 est
1839 1855 1960 1908 certum

179 1927 307 2004 intelligi
324 1927 459 2006 proprie,
475 1945 538 1990 non
551 1928 691 2008 ligurate,
705 1945 766 1990 non
782 1929 855 1994 odit.
874 1927 929 1988 sed
945 1927 1047 1988 decla·
1090 1937 1155 1984 reru
1171 1937 1242 1983 esso
1258 1923 1297 1982 de
1312 1920 1385 1982 side.

179 2016 225 2070 rut
239 2010 364 2070 verbum
381 2009 447 2072 bel.
463 2011 585 2074 Etcum
601 2011 764 2072 nicaenum
791 2008 955 2074 concilium
972 2008 1046 2069 deii-
1131 2004 1282 2083 lienique,
1300 2005 1331 2064 in
1346 2004 1423 2082 ipsis
1439 2001 1572 2066 decretis
1587 2006 1625 2068 de
1641 2006 1780 2074 iideuon
1796 2010 1960 2084 rerba,sc‹l

180 2092 255 2151 nirit
270 2091 420 2153 Christum
437 2109 507 2156 esse
524 2093 707 2171 homousion
724 2094 814 2166 Patri,
832 2090 957 2154 deduxit
974 2107 1045 2152 cou-
1091 2103 1203 2148 sensus
1219 2093 1333 2147 tautum
1350 2086 1385 2147 ud
1397 2084 1491 2148 odam
1503 2089 1716 2164 pertincl.Nou
1731 2091 1814 2153 enirn
1826 2100 1873 2155 est
1887 2095 1961 2156 buc·

180 2173 352 2236 elusionem
370 2189 407 2236 cx
422 2175 588 2254 Scripturis
604 2222 613 2252 ,
635 2176 666 2237 in
682 2177 796 2254 quibus
821 2175 935 2236 diserte
950 2173 1046 2236 conti·
1091 2169 1220 2232 seticum
1236 2169 1362 2240 dicere,
1380 2170 1410 2229 iu
1426 2171 1599 2232 canonibus
1614 2172 1816 2236 conciliorum
1831 2177 1959 2256 aliquod

178 2262 269 2317 netur
284 2272 378 2318 ouurn
394 2273 465 2320 esse
480 2260 575 2321 ileum
591 2304 598 2333 ,
615 2264 646 2319 et
661 2258 776 2320 Patrem
791 2261 863 2320 osse
879 2257 993 2330 ileum,
1010 2272 1046 2317 ac
1089 2252 1218 2314 verbum
1233 2267 1304 2313 esse
1320 2267 1581 2329 supervacaneum
1599 2300 1607 2326 ,
1625 2260 1754 2317 autnon
1769 2265 1854 2320 recto
1869 2261 1959 2338 posi·

178 2335 291 2400 Filium
308 2337 515 2418 osselleum3
531 2340 697 2418 exquibus
716 2340 856 2420 sequitur
870 2339 1047 2402 necessario
1091 2341 1154 2397 tuni
1172 2380 1179 2409 ,
1198 2336 1256 2396 nisi
1273 2333 1349 2396 iorte
1365 2335 1403 2396 de
1419 2334 1486 2426 ipso
1503 2335 1597 2398 serbo
1617 2338 1658 2400 sit
1672 2337 1830 2401 decretum
1847 2341 1958 2404 lorino·

178 2419 309 2494 Paruum,
327 2428 357 2484 et
372 2421 483 2486 Filium
498 2423 637 2496 ejusdem
654 2437 725 2486 esse
740 2423 930 2486 substantiae
957 2427 987 2484 et
1002 2421 1046 2482 di·
1090 2423 1170 2492 tum,
1190 2422 1221 2477 nt
1234 2433 1305 2498 ‘cum
1321 2417 1351 2477 in
1368 2416 1500 2478 concilio
1517 2419 1646 2482 nicaeno
1663 2420 1867 2485 decreverunt
1880 2427 1961 2488 reoi-

178 2501 325 2565 rinitatis.
343 2504 379 2566 St
393 2505 534 2569 similiter
550 2505 715 2568 concilium
731 2513 869 2576 sertum,
886 2521 955 2567 cum
971 2503 1046 2566 dell·
1089 2499 1233 2580 piendum
1260 2515 1367 2562 rocem
1387 2495 1554 2578 dpcbcroo3
1571 2508 1602 2564 et
1626 2503 1658 2565 in
1681 2505 1835 2583 ephesino
1848 2523 1960 2571 rocem

178 2584 1044 2658 nisibinChristoduosessevoluntatesdirinametim·
1090 2580 1245 2643 ieoro'xoa.
1529 2662 1535 2675 .
1732 2625 1739 2642 .

177 2682 311 2741 manum,
329 2669 455 2736 uadunt
468 2671 699 2734 conclusionem
716 2687 753 2733 ex
769 2669 970 2749 Scriptorum
986 2685 1045 2747 qua
1131 2665 1276 2742 Quintum
1292 2670 1355 2738 est,
1371 2663 1454 2742 quod
1469 2662 1626 2743 Scriptura
1641 2683 1704 2730 nou
1720 2676 1791 2746 eget
1805 2673 1958 2751 approba·

177 2748 758 2832 nabetur,cnustumesseparlecrum
786 2752 1046 2831 Deumctperie·
1091 2748 1173 2810 tione
1189 2747 1343 2826 pontilicis
1358 2753 1391 2808 nt
1405 2747 1445 2809 sit
1459 2745 1645 2824 authentica,
1663 2751 1718 2812 sed
1735 2759 1897 2816 tantumut
1913 2758 1958 2817 iu·
2013 2773 2015 2776 ·

178 2839 260 2892 otum
278 2833 447 2899 bominem.
1090 2836 1229 2893 notescat
1244 2830 1312 2908 ejus
1327 2830 1544 2892 auctoritasdt
1557 2833 1687 2895 concilia
1705 2837 1794 2898 etiam
1807 2833 1958 2915 legitima,

217 2914 352 2978 Alterum
368 2918 536 2980 discrimen
552 2935 589 2980 ex
603 2918 664 2980 hoc
678 2915 777 2996 primo
793 2917 910 2988 oritirr,
927 2922 959 2977 ot
973 2923 1043 2988 ost,
1089 2918 1120 2974 et
1135 2915 1288 2991 generalia
1300 2947 1302 2950 -
1313 2929 1377 2974 uon
1393 2917 1465 2974 suut
1488 2916 1627 2977 ratanisi
1639 2933 1665 2977 a
1682 2917 1828 2994 pontilice
1844 2921 1958 2982 confir·

177 2995 247 3072 quio
263 2997 430 3076 scriptores
454 3001 531 3062 sacri
547 3016 609 3061 non
625 2999 799 3061 debuerunt
814 3002 943 3061 multum
961 3000 1044 3061 labo·
1091 3003 1223 3064 mentor,
1241 3002 1273 3057 ut
1287 2994 1479 3058 ostendimus
1495 3003 1675 3074 quaestione
1693 3003 1859 3076 superiori.

175 3093 244 3140 rure
261 3080 291 3142 in
308 3083 374 3141 suis
390 3082 477 3143 libris
492 3081 633 3158 edendis;
650 3082 725 3144 satis
740 3082 944 3152 enim-eratsi
960 3082 1044 3144 labo·
1131 3077 1191 3139 Sed
1208 3077 1359 3157 objioiuul
1378 3078 1524 3156 quidam,
1543 3078 1704 3143 Gratianus
1719 3086 1750 3144 d.
1768 3085 1819 3146 to.
1836 3103 1906 3146 cau.
1924 3087 1958 3146 ln

176 3168 279 3222 rorent
293 3164 524 3236 scribendo,vel
540 3164 726 3236 dictando,si
741 3165 877 3229 edebant
890 3165 1044 3243 vaticinia3
1089 3160 1260 3227 canonicis.
1277 3159 1407 3222 aillrmat
1422 3161 1568 3240 epistolas
1590 3165 1768 3242 pontificum
1785 3170 1959 3230 decretales

175 3243 222 3303 vel
239 3245 276 3306 ad
292 3259 445 3308 summum
461 3247 633 3309 reuocando
649 3248 686 3308 ad
702 3247 890 3322 memoriam,
908 3265 987 3326 quac
1003 3251 1043 3310 vi·
1093 3243 1244 3305 numerari
1261 3242 1376 3327 debere
1391 3243 1471 3305 inter
1485 3242 1659 3322 Scripturas
1675 3251 1840 3312 canonicas
1855 3270 1863 3327 ;
1880 3259 1913 3312 et
1926 3253 1957 3313 d.

175 3325 294 3392 derant.
310 3329 357 3388 vel
374 3330 552 3392 audierant.
571 3337 601 3390 et
616 3331 785 3408 cogitarent
800 3331 912 3403 rerba,
931 3331 1044 3409 quibus
1088 3325 1141 3387 20.
1158 3325 1496 3394 cun.lleorctalos,dicit
1510 3327 1710 3391 conciliorum
1727 3348 1862 3395 conones
1875 3334 1958 3412 ejus·

174 3423 210 3468 ea
226 3407 409 3484 scriberent,
425 3412 450 3473 si
467 3413 645 3474 scribebant
660 3413 865 3485 historias,rcl
881 3413 1041 3492 epistolas,
1088 3411 1158 3470 dem
1175 3423 1246 3472 esse
1262 3407 1451 3472 auctoritatis
1465 3417 1546 3470 'cnm
1563 3412 1706 3490 epistolis
1722 3416 1933 3478 decretalibus
1948 3437 1956 3493 3

172 3490 220 3553 rel
238 3491 353 3570 aliquid
370 3493 521 3556 similent
535 3493 640 3557 Patras
656 3496 838 3560 inconciliis
850 3495 1043 3559 debeutrcm
1089 3507 1162 3569 ergo
1181 3491 1270 3553 oliam
1287 3499 1423 3554 conones
1445 3490 1646 3557 conciliorum
1664 3507 1864 3560 numerantur
1879 3499 1959 3562 inter

172 3574 271 3652 ipsam
285 3576 540 3654 quaerereddest,
551 3577 769 3640 conclusiones
780 3576 1042 3658 investigaredis·
1090 3576 1256 3636 canonicas
1273 3573 1532 3653 Scripturasllon
1548 3590 1622 3655 ergo
1639 3577 1813 3654 Scripturoe
1829 3598 1958 3659 praepo-

172 3657 321 3732 putando,
354 3659 500 3737 legendo,
518 3661 692 3738 cogitando.
708 3660 794 3722 Unde
810 3663 911 3724 dolor.
930 3662 979 3724 ts.
997 3663 1042 3724 le·
1088 3663 1202 3718 nuutnr
1217 3657 1368 3720 conciliis.
1386 3657 1543 3720 Praeterea
1560 3658 1757 3741 sitrepurius
1770 3665 1954 3740 lib.t.epist.

173 3737 275 3818 pimus
300 3739 331 3802 io
348 3745 446 3820 primo
467 3742 598 3804 concilio
624 3759 766 3821 magnam
782 3745 1041 3824 eranquisitionem
1087 3739 1217 3802 Moli
1231 3757 1265 3802 se
1282 3740 1420 3811 venerari
1436 3747 1566 3820 quatuor
1581 3743 1679 3821 primu
1693 3749 1871 3822 conciliant
1882 3765 1956 3826 quu-

171 3820 270 3882 ruisse
282 3820 493 3888 laetamldcm
506 3827 679 3888 testaturdc
690 3826 818 3888 nicaeno
828 3829 958 3889 concilio
971 3829 1041 3890 Rol·
1087 3829 1155 3884 lbtti
1170 3823 1266 3885 libros
1282 3822 1525 3902 stringeliotum·

82 3917 85 3923 ·
171 3903 254 3966 tinus
268 3903 324 3966 lib.
343 3904 393 3968 lii.
410 3925 478 3986 cap.
494 3907 526 3968 5.
544 3909 616 3968 bist.
633 3907 877 3980 ecclesiastieae,
897 3912 1041 3987 quocirca
1128 3904 1314 3984 Respondeo
1330 3909 1367 3978 nd
1384 3904 1557 3972 Gratianum
1574 3906 1751 3987 dupliciter.
1769 3911 1955 3983 Primoenm

172 3988 274 4048 ictor.
292 3985 343 4049 to.
360 3988 467 4051 dicunt
483 3991 585 4052 l‘atres
601 3990 737 4052 concilii:
759 3989 865 4052 Visum
880 4000 925 4054 cet
940 3991 1041 4070 spao-
1087 4003 1158 4048 esse
1173 3989 1337 4066 deceptum
1354 4003 1390 4049 tl
1405 3988 1567 4064 detritam
1583 3992 1703 4062 codice..
1718 4009 1811 4070 <litem
1825 3997 1891 4073 ipse
1905 3997 1956 4056 lm-

173 4069 223 4132 tui
235 4074 346 4132 sancto
363 4075 392 4132 et
407 4071 523 4145 uobis,
541 4072 633 4142 idest,
652 4073 763 4150 Spiritu
781 4081 887 4134 saneto
905 4060 1040 4136 nostram
1086 4070 1153 4130 buit
1169 4070 1204 4130 b.
1216 4070 1391 4148 nagusuu,
1408 4069 1512 4133 tribuit
1527 4071 1609 4133 enim
1625 4075 1710 4134 illum
1727 4091 1877 4138 canonem
1893 4079 1952 4138 ltu·

173 4150 356 4213 industriam
371 4159 401 4216 et
415 4154 604 4232 diligentium
628 4156 805 4235 ailjrrraute.
823 4158 857 4216 tt
872 4157 1040 4233 scriptores
1086 4154 1210 4230 goslino
1227 4154 1281 4213 tib.
1298 4153 1329 4213 2·
1347 4155 1444 4214 ditolf·
1462 4151 1574 4216 Christ·
1591 4171 1658 4236 cop.
1674 4156 1841 4222 &Codices
1853 4167 1953 4222 autem

171 4233 251 4294 sacri
266 4234 325 4296 soli
352 4237 414 4298 beo
432 4237 569 4299 tribuunt
584 4254 631 4304 ea.
649 4251 727 4315 quae
742 4237 892 4306 scribunt,
921 4257 956 4299 nu
973 4257 1041 4312 pro·
1087 4234 1161 4307 leit,
1179 4242 1208 4296 0¹
1224 4236 1377 4297 emlssdlli
1393 4235 1426 4297 b·
1442 4234 1681 4314 Aussflsliflidffll
1699 4240 1869 4312 habitibbl
1882 4242 1953 4306 Gro-

175 4321 282 4391 plotoa
298 4320 359 4378 lam
374 4333 468 4398 saepe
484 4319 844 4399 repetebantpropoatae
859 4320 947 4382 illud:
962 4321 1044 4384 bii-it
1088 4317 1187 4378 liunus
1203 4317 1363 4388 relert,sed
1380 4317 1472 4396 louge
1488 4319 1653 4382 alitor-lion
1669 4324 1750 4384 enim
1766 4327 1955 4405 Augustinus

172 4397 342 4460 Dominus.
425 4417 427 4420 ·
476 4421 480 4430 «
1087 4400 1161 4461 dicit
1173 4400 1319 4477 epistolas
1332 4417 1384 4464 eas
1397 4413 1469 4463 esse
1481 4401 1669 4481 Scriptorum
1682 4411 1955 4484 cononicamqnas

211 4479 347 4540 Tertium
362 4482 505 4561 estquod
524 4485 553 4545 iu
569 4483 726 4562 Scriptura
741 4479 846 4549 nullus
857 4492 958 4564 potest
970 4502 1040 4548 osse
1086 4483 1252 4560 apostolica
1270 4483 1363 4544 sedes
1379 4484 1464 4554 dare,
1480 4486 1527 4545 rel
1544 4484 1687 4560 accipere
1703 4490 1829 4558 soletut
1841 4491 1955 4552 Gratiu-

172 4576 269 4634 euor,
285 4563 350 4626 sire
365 4571 471 4642 agatur
486 4567 525 4626 de
540 4564 613 4632 ilde.
630 4568 694 4630 sire
710 4569 748 4631 de
765 4570 912 4644 moribus,
931 4577 960 4631 et
976 4572 1040 4640 siun
1088 4581 1146 4626 nus
1163 4565 1307 4641 lepitsod
1322 4565 1472 4635 iudicium
1491 4567 1529 4627 de
1546 4565 1714 4646 scripturis
1730 4574 1845 4636 sanctis
1862 4576 1955 4652 perti-

171 4644 339 4708 allirmetur
354 4646 467 4722 aliquid
484 4649 628 4726 generale
643 4696 651 4720 ‚
669 4657 699 4711 et
715 4652 767 4712 toti
785 4651 944 4714 Ecclesiae
959 4668 1041 4713 onm-
1086 4663 1159 4708 nere
1175 4650 1212 4708 ud
1230 4648 1384 4710 baelesias
1401 4694 1407 4714 ,
1425 4650 1567 4727 utquead
1580 4665 1637 4711 eas
1649 4652 1857 4730 potissimum,
1875 4673 1954 4733 quac

172 4743 278 4800 mune,
294 4727 358 4790 sire
373 4729 489 4807 aliquid
506 4730 700 4807 particulare,
714 4738 746 4794 et
759 4735 796 4794 ad
813 4751 907 4796 unum
925 4741 1039 4795 tanturn
1084 4729 1267 4808 apostolicas
1280 4731 1435 4804 scotusaei
1448 4731 1744 4812 epistolusuccipere
1758 4746 1948 4806 meruerunt,

170 4809 1039 4892 lrominempertinensdamouiniestcertnmetdcddo,
1085 4815 1193 4890 quales
1222 4820 1294 4874 sunt
1319 4813 1434 4881 liomn,
1465 4814 1497 4874 in
1523 4830 1582 4891 quo
1612 4819 1693 4880 sedit
1718 4818 1837 4892 Petrus,
1860 4828 1890 4881 et
1915 4824 1952 4882 ad

172 4893 240 4952 sinc
255 4893 351 4972 gratie
368 4892 500 4973 Spiritus
515 4896 611 4957 suncti
629 4896 783 4959 neminem
799 4899 929 4972 salvari,
947 4917 1039 4979 quum
1085 4911 1177 4972 aquam
1193 4895 1317 4974 scripsit
1331 4895 1455 4970 Paulusl
1472 4895 1626 4972 Ephesus·
1644 4900 1675 4962 ib
1691 4917 1751 4978 (till
1767 4902 1848 4965 Sedit
1861 4900 1952 4964 lofin·

172 4973 305 5046 Petrum,
322 4974 461 5053 Paulum,
475 4977 675 5056 Stephanum.
686 4987 717 5042 et
731 4982 881 5056 quosdam
897 4981 974 5044 alios
989 5000 1039 5043 ro·
1087 4985 1189 5052 uesci
1203 4978 1240 5039 ad
1255 4987 1350 5056 quum¹
1362 4977 1486 5056 scripsit
1501 4978 1582 5042 idem
1595 4981 1753 5059 Paulus‚et
1767 4985 1844 5049 aliae
1859 5000 1953 5064 quse·

170 5071 204 5117 re
223 5053 368 5134 Spiritum
390 5067 530 5124 sanetum
555 5062 700 5124 habuisse
722 5069 753 5125 et
772 5064 978 5141 salrosesse3
1007 5084 1039 5126 u·
1087 5062 1169 5122 darn.
1251 5091 1254 5098 ·
1726 5077 1728 5086 ·

170 5145 313 5217 iramque
339 5141 421 5202 enim
449 5145 559 5207 eadem
589 5144 748 5224 Scriptura
773 5147 931 5209 verissima
947 5154 1036 5209 testa·
1126 5141 1200 5206 Dico
1215 5143 1366 5214 seeundo.
1383 5142 1575 5216 Gillilbum.
1595 5146 1685 5208 etiem
1703 5143 1882 5212 hocerrore
1899 5165 1953 5228 po·

169 5227 217 5282 tm·
234 5238 241 5280 :
270 5227 300 5280 ut
321 5223 452 5286 concilia
475 5225 506 5288 in
517 5225 645 5307 judiciis
672 5229 909 5309 particularibus
934 5246 1037 5294 erroro
1084 5227 1155 5298 silo,
1172 5242 1234 5288 ⁰⁰¹¹
1251 5225 1383 5288 lOluisse
1400 5227 1526 5302 ᾶῑῡθῐθ,
1543 5229 1665 5289 delleta
1684 5230 1864 5307 tl⁰sslffi⁰t¹m
1880 5248 1952 5295 0880

171 5309 314 5381 possunt.
859 5323 863 5330 ¹
1084 5309 1208 5387 proprie
1223 5307 1396 5388 Scripturas
1412 5325 1515 5372 sacres
1544 5317 1575 5370 et
1589 5314 1766 5382 canonicus,
1785 5321 1817 5375 ut
1831 5321 1904 5377 sunt
1921 5333 1952 5376 e·

211 5386 356 5458 Quartum
373 5393 437 5459 est,
455 5389 536 5466 quod
553 5390 585 5453 iu
600 5391 757 5472 Scriptura
773 5409 836 5456 nou
850 5394 951 5457 solum
967 5412 1038 5458 sun·
1088 5390 1236 5470 neopolis,
1254 5390 1301 5454 rel
1317 5391 1438 5469 psalmi,
1457 5394 1512 5454 scd
1529 5407 1600 5454 esse
1616 5393 1788 5472 Scripturas
1803 5407 1955 5460 sacrasut

170 5471 276 5534 tentia.
294 5469 457 5552 sedetiam
475 5474 563 5534 rerba
580 5477 693 5549 omniu,
711 5482 741 5538 et
756 5476 878 5558 singula
892 5478 929 5541 ad
946 5477 1039 5541 iidem
1089 5473 1317 5554 distinguantur
1337 5491 1352 5534 a
1368 5473 1504 5552 profanis
1531 5480 1562 5536 et
1590 5480 1758 5540 cauomeas
1774 5525 1782 5552 ,
1801 5488 1833 5540 ut
1847 5482 1955 5542 distin·

173 5551 339 5630 pertinent.
357 5549 517 5616 Credimus
545 5557 627 5617 enirn
644 5558 763 5620 nullum
781 5575 851 5622 esse
866 5561 993 5622 verbum
1009 5563 1041 5623 in
1087 5562 1221 5636 guantur
1235 5573 1251 5619 a
1266 5556 1392 5635 scriptis
1407 5558 1504 5621 sacris
1519 5557 1735 5636 Patrumquae
1751 5577 1811 5623 non
1825 5569 1898 5626 sunt
1909 5579 1955 5626 re·

174 5635 327 5713 Scriptura
344 5635 462 5710 trustra,
481 5643 531 5698 aru
548 5653 608 5700 nnn
625 5647 708 5704 recte
725 5642 907 5721 positumlt
921 5644 953 5706 in
970 5659 1043 5706 con·
1088 5640 1192 5722 gulae,
1209 5655 1269 5702 neo
1283 5637 1400 5704 babent
1414 5639 1622 5704 auctoritatem
1639 5641 1808 5722 obligandi.
1825 5644 1910 5709 Licet
1924 5661 1955 5708 e·
