4086 6296
283 309 337 372 ‘tos
970 305 1016 368 DE
1034 304 1214 368 rtotttollls*

202 451 259 510 out
272 453 344 525 boat
357 447 492 526 daptbus
506 441 772 510 continenlet.dd
784 441 842 508 bos
857 457 930 524 ergo
943 449 1064 522 aposto·
1131 441 1256 517 Quinta,
1280 436 1333 520 qni
1349 440 1450 510 rorat,
1467 449 1529 500 non
1545 433 1646 499 solum
1663 428 1694 494 id
1713 429 1850 524 lucratur
1867 471 1875 502 ‚
1892 426 1984 523 quod

202 531 249 594 lus
264 537 294 592 ει
303 530 473 608 propbetas
484 529 658 608 respiciens
673 525 942 600 Athanasius,nere
955 534 985 592 ει
996 543 1066 607 nro·
1111 525 1265 598 diximus,
1283 522 1365 602 quod
1390 519 1595 586 excellentius
1610 531 1689 610 opus
1704 513 1776 608 laert
1790 558 1798 588 ,
1814 511 1870 606 sed
1886 521 1985 575 etrum

203 613 280 691 pria,
296 628 358 674 non
374 612 451 674 ialso
466 618 497 674 ει
512 610 712 691 lryperbnlice
728 610 852 673 locutus
867 616 926 676 est.
1111 606 1209 670 munit
1223 606 1362 686 seipsum
1378 603 1527 668 adsersus
1542 605 1728 691 tentationes
1740 593 1985 690 mahaleel-bu·

242 694 328 769 Quod
356 701 456 758 nutem
472 695 672 773 reprehendit
684 693 792 756 Petrus
807 693 1081 772 comparationem,
1112 707 1231 754 monam
1261 689 1477 769 tragilitatem,
1492 702 1540 770 ,ac
1566 679 1810 772 mutabilitatem.
1827 675 1984 772 Homines

200 776 353 857 virginum
369 793 438 840 cnm
454 777 596 856 angelis,
614 793 675 840 non
688 777 788 840 solum
805 777 992 852 Athanasio,
1010 777 1065 840 sed
1111 773 1194 837 enim
1212 774 1241 834 in
1257 771 1296 836 iis
1311 771 1418 844 rebus,
1431 770 1469 833 ad
1484 783 1561 848 quas
1577 781 1640 860 non
1656 768 1728 825 sunl
1742 761 1857 857 alligata
1872 777 1984 824 arucu-

201 860 346 922 omnlbus
361 861 431 922 allis
442 858 604 932 PatribuS,
621 866 652 924 ει
667 858 728 938 insi
744 859 835 922 etiarn
851 858 970 924 Christo
986 859 1067 939 inin·
1111 856 1151 920 lis
1167 857 1281 936 legum,
1299 855 1389 916 eliam
1404 853 1431 916 si
1446 852 1580 932 optimae
1595 849 1702 941 suntet
1716 843 1984 940 notissimamia·

201 942 275 1004 riam
291 943 373 1016 lucit,
391 943 440 1020 qul
458 942 562 1006 blattlr.
579 943 631 1004 22.
647 941 1066 1015 eliderentur-rectionem·
1111 939 1170 1001 cile
1186 945 1303 1002 mutant
1318 931 1646 1018 propositumdlabnlo
1661 932 1875 1022 instigantem
1886 932 1985 990 ettam

202 1041 265 1106 quc
279 1025 415 1100 retebant,
431 1040 539 1104 neque
553 1017 791 1102 subsolaneae
807 1031 902 1090 erunt
915 1025 1000 1088 sicut
1010 1041 1069 1089 on·
1112 1022 1181 1085 sine
1196 1019 1310 1084 diaboii
1325 1019 1456 1094 artibus,
1472 1034 1510 1082 er
1524 1016 1647 1108 propria
1664 1010 1884 1105 mutabilitate,
1898 1008 1984 1104 Qua·

201 1110 266 1184 {rel-i
281 1107 338 1172 Dei
361 1108 399 1170 in
413 1107 512 1174 coelo.
529 1107 583 1172 cut
596 1110 763 1172 credemus
784 1108 849 1189 jam
864 1157 871 1180 ,
889 1108 977 1172 Petro
992 1108 1068 1172 llar-
1112 1105 1193 1168 eirea
1206 1104 1346 1168 ridemus
1358 1103 1390 1166 in
1402 1101 1496 1166 rebus
1509 1101 1755 1190 bumattrssaene
1769 1108 1984 1187 requrrrjura·

204 1193 261 1272 tyri
279 1192 403 1270 neganti
419 1206 485 1261 eos,
503 1192 553 1270 qui
572 1208 632 1268 non
650 1191 781 1266 nubunt,
799 1189 917 1254 similes
932 1205 1070 1256 essoan·
1111 1194 1226 1261 menta,
1242 1192 1276 1250 ut
1292 1188 1433 1267 alligatur
1447 1185 1604 1256 noluntas,
1623 1195 1663 1243 ne
1677 1176 1767 1272 laerte
1783 1180 1894 1256 mutari
1910 1191 1983 1270 l.⁰.⁵·

202 1274 296 1354 getis,
308 1291 346 1336 an
364 1272 484 1337 Christo
499 1273 529 1336 id
543 1274 645 1352 ipsum
657 1273 826 1339 asserenti?
1112 1271 1162 1334 sit.
1178 1269 1222 1333 lta
1239 1269 1375 1344 milites,
1394 1268 1609 1349 magistratus,
1627 1275 1757 1344 spousi,
1773 1264 1865 1352 atoue
1882 1258 1935 1352 ultr
1949 1259 1983 1320 td

243 1358 301 1434 ιιι,
317 1356 434 1437 inquit,
451 1357 571 1436 angelis
586 1373 647 1420 non
664 1356 761 1437 magis
775 1355 919 1420 convenit
933 1369 996 1419 non
1011 1373 1069 1420 nu·
1111 1368 1212 1432 genus
1224 1352 1330 1432 jurare
1346 1357 1520 1432 eoguntur,
1537 1363 1600 1412 non
1616 1353 1719 1439 autam
1735 1341 1811 1406 solis
1825 1339 1933 1435 nerbas
1948 1356 1983 1404 εε
2032 1433 2033 1438 ¹

201 1439 299 1517 bere,
317 1455 407 1520 quam
423 1438 516 1518 lapidi
532 1453 595 1502 non
616 1437 732 1503 nidere.
749 1440 792 1501 lta
808 1446 876 1512 est,
893 1439 949 1502 sed
966 1446 1068 1502 tamen
1112 1437 1245 1499 lactarus
1260 1435 1343 1514 quod
1360 1434 1475 1498 debent
1490 1427 1775 1521 polliceriflmcs.
1787 1423 1982 1520 Augustanus

202 1522 283 1586 sieut
297 1538 380 1595 eum,
397 1521 450 1600 oui
464 1520 690 1596 valdeeaecus,
707 1529 759 1585 aut
773 1521 953 1597 surdusaut
964 1528 1067 1585 drutus
1113 1521 1205 1597 epist·
1221 1517 1273 1581 45.
1291 1519 1329 1582 ad
1344 1516 1581 1582 Armootoritlmt
1597 1511 1668 1575 Non
1682 1516 1722 1583 te,
1735 1511 1983 1602 insultabamus

203 1612 262 1678 εει,
279 1605 374 1684 lapidi
405 1611 435 1666 ει
449 1611 570 1680 trunco,
587 1621 648 1668 non
664 1607 768 1684 inepto
784 1621 1010 1688 canaparamus;
1023 1605 1069 1669 sic
1110 1601 1286 1682 numilem,
1299 1603 1399 1666 imnao
1414 1597 1605 1680 caudelam
1618 1593 1677 1658 libi
1689 1606 1759 1688 non
1774 1589 1983 1685 tacerequod

203 1688 293 1750 otiam
310 1704 377 1760 eos,
392 1687 444 1766 qui
461 1688 649 1751 continentia
666 1695 696 1751 el
707 1688 838 1768 puritate
850 1686 1069 1761 excellantre·
1112 1692 1256 1748 cumton
1272 1685 1463 1748 detrimento
1479 1681 1630 1746 licuisset.
1649 1676 1684 1738 bt
1697 1674 1775 1772 antra
1790 1687 1799 1734 z
1816 1669 1911 1736 salac
1924 1688 1981 1736 ne·

203 1772 342 1834 ctissime
357 1771 477 1850 angelis
493 1769 611 1834 similes
626 1771 781 1849 iacimus3
799 1786 867 1832 narn
883 1769 997 1850 alioqui
1011 1786 1070 1835 aec
1112 1769 1253 1844 comatus,
1269 1768 1412 1851 quoeud
1427 1767 1565 1831 meliora
1577 1757 1751 1841 compellat.

203 1855 320 1916 nultum
336 1852 452 1926 babent
465 1852 575 1932 Angeli
590 1871 599 1930 3
617 1860 648 1916 et
659 1860 760 1916 tamen
777 1869 837 1916 non
854 1852 954 1914 timuit
968 1869 996 1916 s.
1011 1852 1071 1918 Lu·
1267 1867 1270 1874 ⁴

203 1952 255 2000 oas
271 1937 376 2000 dicere
391 1938 455 1998 liet.
473 1935 504 1998 a.
525 1935 814 2004 Videraataultom
830 1935 1010 2015 Stantem,
1025 1937 1070 2000 ai·
1574 1991 1575 1994 ,

203 2026 258 2081 cat
270 2018 396 2082 nultum
422 2018 543 2098 enneli.
560 2018 656 2097 Atque
677 2019 756 2084 baec
771 2020 809 2082 de
823 2020 919 2099 prima
935 2021 1068 2083 ratione.
1427 2010 1545 2080 crem
1556 2009 1664 2076 XXIX.

202 2100 287 2164 dddo
299 2103 389 2164 allam
402 2103 549 2164 rationem
562 2117 599 2168 ex
612 2107 696 2182 parte
709 2101 808 2180 ipsius
824 2101 1009 2164 roli.llelius
1024 2107 1072 2165 εει

204 2183 1070 2264 etoengratiusexactoattquldtacere,quarnsineroto;
1554 2229 1556 2234 .
1787 2254 1794 2269 ,

212 2265 306 2346 igitar
320 2283 380 2330 non
398 2267 499 2330 solum
513 2267 655 2340 licel,sed
671 2267 761 2329 etiarn
778 2267 901 2346 expedit
912 2265 1074 2330 eontinen·
1197 2263 1340 2336 Soloittor
1353 2264 1486 2347 obiectio
1499 2263 1611 2345 primo
1624 2257 1904 2324 adumacracmm.

202 2348 1071 2430 tiamrorare.ltntecedensbisarnumentisconllrmatur.

248 2431 361 2504 Primo,
379 2431 533 2512 Scriptura
549 2433 686 2495 hortatur
698 2433 735 2494 ad
751 2432 922 2496 vovendum
936 2431 1071 2511 psalli.
1803 2503 1809 2518 ‚

208 2513 319 2578 Voncte
330 2522 361 2578 el
376 2515 514 2578 reddite.
539 2513 604 2587 Oua
621 2514 795 2579 testimonio
811 2521 967 2594 permotus
979 2513 1071 2578 sbu-
1154 2513 1257 2577 Restat
1278 2529 1372 2592 nunc,
1388 2520 1422 2577 ut
1432 2511 1629 2594 objectiones
1657 2505 1901 2598 adversariorum
1917 2503 1980 2568 sol·

205 2596 360 2692 gostinus,
376 2597 481 2660 multis
496 2597 527 2659 in
543 2597 621 2660 locis
635 2597 672 2660 ad
688 2599 861 2665 nocendum
876 2599 1023 2669 lrorlntur,
1038 2603 1071 2662 al
1111 2612 1230 2660 namus.
1245 2595 1344 2660 Prima
1366 2596 1500 2678 objectio
1515 2591 1688 2659 communis
1700 2595 1749 2652 est
1764 2585 1926 2664 omnibus,
1949 2593 1981 2652 ει

204 2695 238 2742 ιε
255 2681 348 2758 epist.
364 2679 416 2743 ti.
433 2681 470 2742 ad
496 2680 719 2744 ermentarium
734 2727 742 2754 ,
759 2681 850 2760 epist.
866 2679 918 2742 eo.
936 2681 973 2744 ad
990 2681 1071 2744 llila·
1112 2681 1243 2744 sumitur
1257 2680 1294 2742 ab
1310 2679 1373 2742 illis
1386 2677 1563 2760 Scripturls,
1577 2691 1658 2758 quaa
1671 2672 1797 2746 docent,
1810 2683 1907 2749 opera
1922 2669 1979 2734 bo·

203 2762 283 2830 riam
301 2764 393 2842 epist.
413 2759 483 2826 tlt.
500 2762 537 2824 ad
563 2761 718 2826 lulianum
732 2810 741 2838 ,
757 2763 788 2828 in
804 2762 859 2830 tib.
876 2762 916 2827 da
930 2763 1014 2828 boae
1028 2765 1072 2827 nl·
1111 2779 1151 2826 na
1163 2779 1224 2830 non
1240 2777 1278 2825 ex
1292 2763 1584 2841 necessitate,quam
1601 2767 1702 2822 tamen
1714 2768 1821 2818 secum
1833 2750 1980 2816 adierant

205 2844 332 2910 duilalis
359 2862 428 2925 cap.
448 2845 497 2909 ι9.
514 2845 545 2907 in
561 2845 616 2907 lib.
633 2844 671 2908 de
687 2853 790 2914 saneta
813 2845 985 2925 virginitate
1000 2863 1070 2927 ean.
1110 2853 1189 2920 rota,
1206 2846 1263 2908 scd
1276 2846 1457 2918 voluntarie,
1473 2859 1511 2909 ae
1525 2843 1624 2907 libere
1638 2853 1710 2905 esse
1725 2833 1879 2930 iacienda:
1895 2833 1931 2898 Id
1948 2849 1980 2898 e·

203 2927 256 2996 29.
274 2935 304 2991 et
319 2927 370 2992 30.
387 2929 418 2991 in
446 2927 557 3008 psalm.
575 2927 626 2993 li.
642 2927 694 2992 99.
717 2934 747 2992 ει
762 2927 848 2991 alibi.
864 2929 901 3002 att
915 2929 941 2992 si
956 2929 1070 2994 melius
1111 2930 1175 2990 nim
1191 2934 1238 2992 est
1252 2928 1376 3001 melius,
1392 2935 1423 2991 et
1438 2925 1636 2998 laudabilius,
1653 2927 1684 2986 ει
1697 2922 1762 2983 lieo
1774 2923 1867 3013 elram
1884 2933 1977 2982 acco·

204 3018 291 3074 esset
305 3011 423 3090 absque
449 3017 516 3074 noto
533 3010 675 3090 operari,
693 3010 851 3090 deciperet
865 3025 922 3079 nos
938 3011 1070 3090 Spiritus
1111 3011 1205 3091 ptius,
1223 3010 1304 3090 quod
1318 3017 1367 3076 εει
1383 3010 1481 3092 magis
1495 3007 1711 3080 voluntarium,
1736 3009 1766 3066 et
1779 3001 1926 3078 liberum,
1940 3018 1977 3064 ac

203 3100 353 3168 sanetus,
370 3093 452 3174 quod
469 3094 554 3156 nullo
570 3093 662 3157 modo
676 3091 743 3164 lieri
758 3099 883 3174 potesta
900 3093 993 3172 igitur
1007 3108 1070 3159 me·
1111 3093 1242 3174 proinde
1258 3092 1360 3156 minas
1376 3092 1599 3157 necessarlum.
1613 3089 1725 3154 rsatm.
1742 3083 1793 3150 53.
1826 3083 1978 3148 Volunta-

202 3176 266 3238 llus
282 3182 330 3240 εει
344 3175 464 3254 onerari
480 3191 517 3238 ex
531 3182 611 3239 rotas
1112 3177 1162 3240 ric
1176 3174 1365 3254 smriileuba
1381 3171 1451 3240 tibi.
1469 3173 1639 3239 l.Corintb.
1656 3169 1761 3264 ilion
1773 3171 1810 3230 ιιι
1824 3165 1981 3262 loquacem

243 3257 411 3329 Secundo,
428 3273 506 3336 opus
529 3275 566 3322 ao
583 3257 694 3328 melius
709 3262 777 3334 est,
795 3274 832 3321 ac
845 3257 911 3322 Ileo
925 3257 1067 3339 gratius,
1110 3258 1198 3323 nobb
1211 3258 1373 3340 injiciunt.
1390 3259 1480 3328 idest,
1498 3259 1602 3321 bortor
1616 3257 1654 3318 ad
1666 3257 1903 3326 continentiam
1919 3251 1977 3314 sed

205 3348 267 3420 quo
282 3335 828 3423 expluribusnutexmajorinirtute
841 3342 1067 3420 proceditzcun·
1112 3359 1174 3406 non
1190 3342 1227 3405 ad
1240 3349 1340 3404 ratum
1366 3341 1397 3404 2.
1411 3340 1548 3406 tlorintb.
1572 3340 1603 3402 9.
1623 3335 1850 3430 damnataque
1872 3339 1976 3412 prout

203 3428 304 3487 tinore
316 3424 384 3488 sine
399 3430 531 3498 actumst
542 3424 935 3504 temperantiae,eontinare
950 3439 988 3488 ex
1000 3431 1069 3488 noto
1112 3425 1286 3489 destinarit
1298 3425 1338 3488 in
1350 3425 1446 3488 corde
1458 3439 1531 3499 aaa,
1546 3439 1616 3492 noa
1630 3439 1674 3487 erc
1689 3419 1845 3492 triadica,
1861 3421 1922 3478 aar
1937 3433 1981 3482 ear

205 3513 253 3571 est
265 3512 351 3570 aolus
366 3506 458 3570 simul
472 3509 701 3585 temperantiae,
719 3506 893 3588 religionis,
907 3523 987 3586 quae
1002 3507 1070 3588 qui·
1111 3509 1309 3582 indemnitate,
1325 3507 1464 3572 bilurcm
1479 3507 1568 3570 enim
1581 3507 1729 3570 dotorem
1743 3500 1853 3580 dilicit
1876 3497 1978 3562 Delta.

204 3589 275 3652 dem
291 3590 400 3668 religio
426 3591 625 3669 temperantia
650 3589 717 3668 ipsa
732 3589 825 3670 longe
851 3596 897 3654 εει
913 3591 1067 3654 nobilior:
1112 3591 1148 3656 m
1162 3592 1201 3654 ad
1216 3587 1508 3654 Philemonemz'lle
1522 3590 1622 3652 cetrati
1647 3605 1689 3654 cuc
1713 3583 1905 3649 necmettctc
1927 3581 1981 3644 bo·

204 3671 297 3751 igitur
310 3671 470 3736 continere
485 3687 523 3734 err
537 3678 607 3738 roto
622 3672 745 3747 melius,
755 3679 785 3735 et
800 3673 863 3736 lleo
879 3672 994 3753 gratius
1008 3680 1068 3750 εει,
1112 3690 1194 3739 num
1210 3679 1302 3737 tunm
1315 3674 1377 3747 sit,
1393 3673 1451 3740 scd
1474 3672 1710 3736 uoluntarium.
1725 3668 1757 3731 S.
1772 3665 1980 3746 Hieronymus

205 3771 297 3834 quam
309 3755 377 3817 sinn
392 3759 472 3818 noto.
488 3754 635 3832 ltaque‘s.
646 3755 836 3834 Augustinus
847 3755 878 3816 in
891 3754 988 3826 lib,de
1001 3773 1070 3820 san·
1112 3757 1169 3818 lib.
1183 3758 1212 3828 l,
1229 3757 1260 3818 in
1275 3755 1468 3819 turinianum
1483 3801 1492 3831 ,
1506 3761 1580 3818 ante·
1591 3755 1726 3826 medium
1741 3767 1749 3811 :
1762 3749 1803 3812 Ει
1814 3747 1891 3811 ideo
1905 3748 1980 3827 plats

208 3845 256 3900 eta
272 3837 445 3918 uirginitate
461 3853 529 3916 earn.
554 3835 584 3899 a.
602 3837 708 3911 llullu,
724 3837 826 3916 inquit
843 3837 1070 3916 ,loemmditus
1112 3843 1201 3902 emet
1213 3839 1356 3920 viraines
1366 3836 1505 3902 dbrtatrte
1516 3839 1598 3918 qaia
1607 3842 1720 3918 sponte
1728 3830 1982 3926 tribueretqamd

204 3927 338 3984 sanotae
351 3920 534 4000 cirninitoti
550 3921 647 3984 etium
662 3921 771 3984 cornis
799 3921 988 3998 cumcurm-i
1009 3937 1069 4002 po·
1111 3921 1175 3986 albi
1188 3938 1258 3984 non
1281 3922 1390 4000 luerat
1402 3921 1622 4000 imperatum:
1636 3916 1835 3998 maiomam
1849 3920 1980 3993 mattae

204 4009 272 4079 tast;
288 4017 394 4084 neque
408 4003 497 4065 enim
511 4008 541 4067 et
552 4003 639 4082 ipsu,
656 4003 737 4084 qnia
750 4003 922 4080 cirninitaa
937 4007 994 4076 eat,
1011 4005 1070 4072 aed
1112 4009 1158 4072 εει
1173 4001 1286 4084 offerre
1300 4005 1388 4084 quod
1401 4019 1471 4067 non
1485 4003 1612 4079 debens,
1629 4019 1730 4084 quam
1741 3997 1879 4062 reddere
1892 3998 1981 4076 qrtnd

204 4086 284 4166 qaia
298 4085 362 4150 llea
377 4086 490 4148 dicato
503 4085 843 4165 metaumaucensis
860 4085 933 4150 licet
947 4086 983 4149 in
997 4102 1069 4149 aar·
1111 4087 1271 4166 eminente.
1287 4085 1324 4149 lit
1342 4101 1370 4148 ε.
1386 4085 1518 4163 Ριεερει
1542 4086 1597 4150 lib.
1615 4085 1646 4149 2.
1662 4086 1702 4148 de
1716 4081 1775 4148 alta
1790 4082 1980 4157 contempla·

203 4184 246 4235 rte
259 4175 415 4243 smaetor,
430 4170 564 4247 spiritam
579 4176 689 4232 tomen
702 4167 859 4251 culintuna
875 4183 914 4230 oc
929 4168 1070 4232 deuotio·
1112 4170 1171 4232 tira
1185 4185 1254 4248 cap.
1267 4170 1324 4232 ult.
1337 4166 1391 4230 Sin
1402 4167 1575 4237 αιιειιεειε.
1587 4167 1800 4250 oeliejanare
1811 4159 1979 4236 debemus,

204 4257 420 4324 deseruntur,
437 4265 550 4332 aanor
563 4250 622 4314 boo
636 4251 819 4330 spiritualia
834 4251 1067 4315 catellumuir-
1114 4259 1234 4314 rctnun
1256 4267 1316 4314 nos
1337 4250 1721 4335 neeemitctila'ejnnundi
1743 4243 1981 4321 subdumamtw

203 4335 324 4409 ,uirtitue
339 4335 495 4412 cornaria,
511 4340 713 4416 qonmoouet
726 4349 765 4397 oc
778 4339 885 4400 annuat
899 4333 1069 4399 continua·
1107 4333 1181 4413 jum
1194 4349 1263 4398 nora
1274 4334 1397 4411 deuoti,
1412 4335 1470 4402 aad
1483 4335 1580 4402 inniti
1593 4377 1602 4410 ,
1613 4351 1683 4398 rent
1694 4328 1920 4402 voluntariam
1932 4328 1982 4406 [o-

202 4417 250 4478 tiu
293 4417 404 4480 'atatim
1114 4419 1252 4484 cionem.

244 4432 357 4567 Tvozrtio,
374 4499 456 4578 quod
471 4496 504 4560 dt
519 4513 557 4562 ex
570 4497 770 4580 solemniori
786 4496 931 4562 enaritate
947 4503 977 4560 ει
991 4491 1068 4562 liba·
1153 4497 1351 4579 Respondent
1367 4497 1534 4578 Triplicam
1549 4514 1620 4564 esse
1635 4499 1820 4564 libertatem,
1832 4506 1869 4554 ac
1881 4489 1982 4570 tripli·

201 4581 322 4648 ralitate
346 4579 400 4653 tit,
418 4597 509 4662 quam
534 4582 618 4660 quod
635 4582 703 4645 sine
730 4588 811 4646 rulo,
827 4581 886 4658 Qui
901 4580 983 4644 enim
999 4581 1068 4645 sine
1114 4598 1182 4646 cem
1197 4581 1270 4646 item
1287 4582 1517 4646 necessitatem.
1534 4581 1627 4646 Unam
1642 4587 1779 4663 exparte
1795 4573 1983 4648 debili,sire

201 4673 271 4730 noto
287 4663 402 4743 aliquid
419 4663 511 4737 iacit,
528 4679 607 4749 opus
630 4665 784 4727 dumtaxat
809 4663 898 4728 ollert
912 4664 976 4728 Deo
991 4682 999 4740 3
1015 4665 1069 4744 qui
1114 4664 1251 4729 debitum
1267 4666 1382 4728 oriatur
1396 4680 1433 4728 ex
1447 4671 1623 4745 praecepto,
1641 4667 1706 4730 sire
1722 4681 1759 4730 er
1774 4657 1938 4732 totostoto
1953 4673 1983 4719 e·

202 4756 306 4814 autem
321 4753 408 4810 naret
421 4753 511 4824 atque
528 4761 565 4810 ex
581 4753 648 4808 nolu
663 4747 745 4817 iacit,
779 4752 904 4826 etopus
930 4748 1070 4811 albicul-
1114 4749 1234 4816 liunde.
1245 4746 1277 4812 ld
1294 4747 1378 4816 enim
1392 4748 1523 4814 dicimur
1538 4748 1635 4814 libare
1649 4741 1850 4825 lacernatos
1863 4757 1926 4802 non
1939 4747 1983 4803 le·

202 4837 297 4898 tatem
313 4829 414 4895 ollert.
430 4828 517 4903 Quod
533 4829 667 4908 explieat
686 4847 713 4892 ε.
729 4830 895 4893 Anselmas
911 4830 940 4891 in
957 4831 1012 4893 lib.
1031 4831 1070 4894 de
1100 4847 1224 4894 nemur
1239 4830 1360 4903 iacere,
1377 4831 1408 4893 id
1423 4846 1495 4894 aero
1510 4831 1709 4912 necessario,
1726 4826 1810 4911 quod
1824 4830 1982 4887 tenemur.

204 4913 460 4978 similitudinibus
488 4929 556 4991 can.
579 4911 630 4979 itt.
648 4911 697 4976 bis
714 4911 835 4976 uerbis:
852 4912 928 4976 Plus
944 4915 1067 4984 donut,
1115 4915 1249 4978 Alteram
1261 4929 1300 4978 ex
1311 4920 1395 4992 nante
1407 4913 1555 4978 naturalis
1566 4909 1831 4980 determinationis
1842 4906 1983 4970 volunla-

204 4999 261 5072 qui
276 4996 425 5061 arborem
440 5011 514 5060 cam
526 4994 707 5074 fructibus,
724 5011 825 5076 qoem
838 4998 897 5077 otei
907 4997 990 5061 solos
1001 4996 1069 5074 [rm-
1115 4999 1167 5059 tls.
1183 4996 1240 5059 llla
1255 4997 1339 5060 enim
1354 4996 1486 5060 dicimur
1500 4997 1598 5060 libare
1613 4996 1726 5072 lacere,
1742 4997 1775 5060 iu
1788 4988 1907 5070 quibus
1919 5006 1982 5054 non

204 5083 272 5140 etos
286 5081 399 5144 donat.
956 5125 957 5128 ,
1082 5137 1083 5140 ,
1114 5080 1265 5143 babemus
1286 5080 1472 5148 voluntatem
1493 5079 1725 5144 determinatam
1751 5079 1789 5146 ad
1812 5087 1921 5137 unum:
1939 5081 1982 5135 at·

245 5159 367 5233 Quarto,
384 5162 495 5227 melius
511 5165 569 5236 est,
588 5160 670 5240 quod
687 5159 719 5224 llt
734 5176 772 5224 ex
786 5161 941 5230 uoluntate
956 5159 1067 5226 conllr·
1115 5179 1178 5242 que
1199 5163 1276 5226 baec
1297 5161 1422 5226 libertas
1437 5169 1503 5236 est,
1527 5178 1607 5242 qnae
1627 5163 1751 5242 proprie
1773 5156 1888 5224 dicitur
1902 5157 1981 5220 libe·

204 5249 282 5302 mata
300 5243 330 5302 in
345 5243 568 5326 bunum,qnam
585 5245 667 5325 quod
681 5243 713 5308 llt
728 5243 796 5307 sine
809 5245 962 5324 ejusmodi
975 5243 1068 5309 drml·
1113 5262 1182 5308 rum
1194 5243 1363 5314 arbitrium.
1379 5245 1511 5308 Tertiam
1527 5252 1664 5323 exnarte
1693 5241 1863 5310 coactionis
1878 5283 1903 5336 ,ι
1915 5239 1981 5304 sire

203 5322 359 5395 telesiam
374 5328 463 5406 pejus
479 5335 526 5391 εει
542 5343 671 5406 peccare
687 5344 725 5391 ex
740 5327 894 5391 voluntate
907 5326 1067 5392 abllrmata
1114 5345 1147 5390 ea
1164 5329 1205 5392 sit
1216 5327 1356 5392 absoluta
1372 5328 1501 5402 coactio,
1517 5334 1632 5392 uloum
1646 5328 1716 5406 quis
1733 5327 1862 5391 trabitur
1875 5337 1982 5401 rr,quo

203 5406 240 5469 ad
256 5405 367 5468 malum
383 5453 390 5476 ,
409 5426 500 5484 quarn
516 5425 553 5472 er
568 5410 791 5490 fragilitatem
806 5410 1064 5490 quemadmodum
1113 5410 1158 5473 irc
1180 5426 1243 5474 non
1255 5409 1340 5484 rull,
1356 5411 1422 5472 sire
1443 5412 1483 5474 sit
1506 5409 1632 5474 moralis
1655 5412 1818 5490 quaedam,
1846 5410 1878 5466 ιιι
1893 5407 1982 5484 quasi

203 5488 254 5570 oui
272 5495 401 5568 peccant
416 5504 452 5551 er
468 5491 621 5556 voluntate
637 5492 814 5557 confirmata
829 5493 861 5556 in
878 5495 990 5556 molum
1005 5539 1012 5564 ,
1026 5493 1068 5556 si·
1113 5492 1321 5576 conditionata
1336 5494 1476 5566 coactio,
1503 5499 1536 5556 ul
1556 5509 1626 5556 cum
1652 5495 1722 5571 quis
1748 5492 1846 5558 nollet
1861 5487 1980 5567 aliquid

204 5571 293 5636 rniles
309 5577 380 5632 sunt
395 5571 601 5638 damnatis:ita
618 5575 670 5653 oui
683 5583 850 5654 onerantur
863 5593 901 5640 ert
913 5577 1067 5640 voluntale
1113 5576 1215 5638 iacere
1231 5580 1261 5639 et
1276 5591 1338 5638 nnn
1355 5575 1486 5640 libenter
1497 5575 1578 5650 iacit,
1601 5575 1672 5637 iacit
1687 5582 1789 5642 mmen
1805 5578 1934 5641 abactas
1946 5573 1981 5636 tl·

205 5652 382 5722 uortllrmata
399 5656 430 5718 tu
445 5654 540 5728 bono,
558 5658 677 5721 similes
692 5666 764 5721 sunt
778 5657 890 5722 beatis.
906 5699 910 5708 -
1115 5673 1199 5724 orare
1212 5659 1315 5737 aliquo
1331 5660 1478 5734 humano,
1494 5665 1546 5728 aut
1560 5658 1675 5724 seruili.
