<?xml version="1.0" encoding="UTF-8"?>
<!DOCTYPE html PUBLIC "-//W3C//DTD XHTML 1.0 Transitional//EN"
    "http://www.w3.org/TR/xhtml1/DTD/xhtml1-transitional.dtd">
<html xmlns="http://www.w3.org/1999/xhtml" xml:lang="en" lang="en">
 <head>
  <title>
</title>
<meta http-equiv="Content-Type" content="text/html;charset=utf-8" />
  <meta name='ocr-system' content='tesseract 3.04.00' />
  <meta name='ocr-capabilities' content='ocr_page ocr_carea ocr_par ocr_line ocrx_word'/>
</head>
<body>
  <div class='ocr_page' id='page_1' title='image "./operaomnia02sforgoog/operaomnia02sforgoog_0073.png"; bbox 0 0 4056 6302; ppageno 0'>
   <div class='ocr_carea' id='block_1_1' title="bbox 266 339 1353 407">
    <p class='ocr_par' dir='ltr' id='par_1_1' title="bbox 266 339 1353 407">
     <span class='ocr_line' id='line_1_1' title="bbox 266 339 1353 407; baseline 0.002 -3"><span class='ocrx_word' id='word_1_1' title='bbox 266 349 303 406; x_wconf 77' lang='grc'><strong>68</strong></span> <span class='ocrx_word' id='word_1_2' title='bbox 819 345 862 406; x_wconf 76' lang='lat' dir='ltr'><strong>DE</strong></span> <span class='ocrx_word' id='word_1_3' title='bbox 881 339 1105 407; x_wconf 81' lang='lat' dir='ltr'><strong>eouttttutttttt</strong></span> <span class='ocrx_word' id='word_1_4' title='bbox 1124 346 1353 407; x_wconf 70' lang='lat' dir='ltr'><strong>auctenticis</strong></span> 
     </span>
    </p>
   </div>
   <div class='ocr_carea' id='block_1_2' title="bbox 181 477 1975 5762">
    <p class='ocr_par' dir='ltr' id='par_1_2' title="bbox 181 477 1975 5762">
     <span class='ocr_line' id='line_1_2' title="bbox 192 477 1974 563; baseline 0.003 -22"><span class='ocrx_word' id='word_1_5' title='bbox 192 479 313 544; x_wconf 89' lang='lat' dir='ltr'><strong>dehere</strong></span> <span class='ocrx_word' id='word_1_6' title='bbox 324 479 396 560; x_wconf 86' lang='lat' dir='ltr'><strong>eligi</strong></span> <span class='ocrx_word' id='word_1_7' title='bbox 418 495 575 544; x_wconf 86' lang='lat' dir='ltr'><strong>romanum</strong></span> <span class='ocrx_word' id='word_1_8' title='bbox 599 477 903 560; x_wconf 77' lang='lat' dir='ltr'><strong>pontilicem,goam</strong></span> <span class='ocrx_word' id='word_1_9' title='bbox 923 479 1002 544; x_wconf 87' lang='lat' dir='ltr'><strong>allos</strong></span> <span class='ocrx_word' id='word_1_10' title='bbox 1023 495 1056 542; x_wconf 88' lang='lat' dir='ltr'><strong>e·</strong></span> <span class='ocrx_word' id='word_1_11' title='bbox 1099 487 1270 548; x_wconf 81' lang='lat' dir='ltr'><strong>crescente</strong></span> <span class='ocrx_word' id='word_1_12' title='bbox 1282 499 1423 549; x_wconf 82' lang='lat' dir='ltr'><strong>nomene</strong></span> <span class='ocrx_word' id='word_1_13' title='bbox 1435 484 1527 550; x_wconf 79' lang='lat' dir='ltr'><strong>sedes</strong></span> <span class='ocrx_word' id='word_1_14' title='bbox 1549 485 1601 563; x_wconf 75' lang='lat' dir='ltr'><strong>rue</strong></span> <span class='ocrx_word' id='word_1_15' title='bbox 1621 484 1662 548; x_wconf 85' lang='lat' dir='ltr'><strong>de</strong></span> <span class='ocrx_word' id='word_1_16' title='bbox 1677 483 1829 550; x_wconf 77' lang='lat' dir='ltr'><strong>omnibus</strong></span> <span class='ocrx_word' id='word_1_17' title='bbox 1844 485 1974 550; x_wconf 77' lang='lat' dir='ltr'><strong>lrabeat</strong></span> 
     </span>
     <span class='ocr_line' id='line_1_3' title="bbox 194 563 1972 649; baseline 0.003 -25"><span class='ocrx_word' id='word_1_18' title='bbox 194 566 352 644; x_wconf 79' lang='lat' dir='ltr'><strong>piscopos,</strong></span> <span class='ocrx_word' id='word_1_19' title='bbox 368 564 437 644; x_wconf 88' lang='lat' dir='ltr'><strong>quta</strong></span> <span class='ocrx_word' id='word_1_20' title='bbox 451 565 480 626; x_wconf 89' lang='lat' dir='ltr'><strong>si</strong></span> <span class='ocrx_word' id='word_1_21' title='bbox 495 563 625 644; x_wconf 86' lang='lat' dir='ltr'><strong>eligatur</strong></span> <span class='ocrx_word' id='word_1_22' title='bbox 638 564 737 623; x_wconf 91' lang='lat' dir='ltr'><strong>matus</strong></span> <span class='ocrx_word' id='word_1_23' title='bbox 759 563 936 642; x_wconf 77' lang='lat' dir='ltr'><strong>episcopus</strong></span> <span class='ocrx_word' id='word_1_24' title='bbox 954 568 1056 642; x_wconf 86' lang='lat' dir='ltr'><strong>potest</strong></span> <span class='ocrx_word' id='word_1_25' title='bbox 1092 565 1294 643; x_wconf 72' lang='lat' dir='ltr'><strong>iudicandi,</strong></span> <span class='ocrx_word' id='word_1_26' title='bbox 1320 583 1381 632; x_wconf 85' lang='lat' dir='ltr'><strong>meu</strong></span> <span class='ocrx_word' id='word_1_27' title='bbox 1404 567 1523 649; x_wconf 77' lang='lat' dir='ltr'><strong>cuique</strong></span> <span class='ocrx_word' id='word_1_28' title='bbox 1544 567 1639 632; x_wconf 89' lang='lat' dir='ltr'><strong>liccat</strong></span> <span class='ocrx_word' id='word_1_29' title='bbox 1660 569 1700 631; x_wconf 90' lang='lat' dir='ltr'><strong>de</strong></span> <span class='ocrx_word' id='word_1_30' title='bbox 1722 568 1792 646; x_wconf 79' lang='lat' dir='ltr'><strong>ejus</strong></span> <span class='ocrx_word' id='word_1_31' title='bbox 1807 569 1972 647; x_wconf 69' lang='lat' dir='ltr'><strong>iuduere</strong></span> 
     </span>
     <span class='ocr_line' id='line_1_4' title="bbox 192 645 1237 729; baseline 0.008 -23"><span class='ocrx_word' id='word_1_32' title='bbox 192 647 244 710; x_wconf 91' lang='lat' dir='ltr'><strong>ille</strong></span> <span class='ocrx_word' id='word_1_33' title='bbox 257 647 390 726; x_wconf 78' lang='lat' dir='ltr'><strong>corrigi,</strong></span> <span class='ocrx_word' id='word_1_34' title='bbox 414 654 444 709; x_wconf 94' lang='lat' dir='ltr'><strong>et</strong></span> <span class='ocrx_word' id='word_1_35' title='bbox 465 646 579 724; x_wconf 80' lang='lat' dir='ltr'><strong>deponi</strong></span> <span class='ocrx_word' id='word_1_36' title='bbox 602 660 656 722; x_wconf 90' lang='lat' dir='ltr'><strong>per</strong></span> <span class='ocrx_word' id='word_1_37' title='bbox 670 661 830 707; x_wconf 89' lang='lat' dir='ltr'><strong>romanum</strong></span> <span class='ocrx_word' id='word_1_38' title='bbox 851 645 1051 725; x_wconf 80' lang='lat' dir='ltr'><strong>pontideem3</strong></span> <span class='ocrx_word' id='word_1_39' title='bbox 1092 648 1237 729; x_wconf 76' lang='lat' dir='ltr'><strong>iudicia.</strong></span> 
     </span>
     <span class='ocr_line' id='line_1_5' title="bbox 191 729 1970 814; baseline 0.003 -24"><span class='ocrx_word' id='word_1_40' title='bbox 191 730 217 790; x_wconf 92' lang='lat' dir='ltr'><strong>si</strong></span> <span class='ocrx_word' id='word_1_41' title='bbox 234 735 334 792; x_wconf 88' lang='lat' dir='ltr'><strong>autern</strong></span> <span class='ocrx_word' id='word_1_42' title='bbox 351 729 480 808; x_wconf 73' lang='lat' dir='ltr'>eligatur</span> <span class='ocrx_word' id='word_1_43' title='bbox 495 730 593 790; x_wconf 80' lang='lat' dir='ltr'><strong>mactus</strong></span> <span class='ocrx_word' id='word_1_44' title='bbox 606 729 740 802; x_wconf 76' lang='lat' dir='ltr'><strong>ptuntitex</strong></span> <span class='ocrx_word' id='word_1_45' title='bbox 751 743 911 802; x_wconf 87' lang='lat' dir='ltr'><strong>summus,</strong></span> <span class='ocrx_word' id='word_1_46' title='bbox 929 745 993 790; x_wconf 93' lang='lat' dir='ltr'><strong>non</strong></span> <span class='ocrx_word' id='word_1_47' title='bbox 1008 734 1056 792; x_wconf 89' lang='lat' dir='ltr'><strong>est</strong></span> <span class='ocrx_word' id='word_1_48' title='bbox 1139 729 1280 793; x_wconf 88' lang='lat' dir='ltr'><strong>Nicotaus</strong></span> <span class='ocrx_word' id='word_1_49' title='bbox 1294 731 1319 792; x_wconf 91' lang='lat' dir='ltr'><strong>i.</strong></span> <span class='ocrx_word' id='word_1_50' title='bbox 1335 731 1367 793; x_wconf 92' lang='lat' dir='ltr'><strong>in</strong></span> <span class='ocrx_word' id='word_1_51' title='bbox 1379 733 1471 812; x_wconf 89' lang='lat' dir='ltr'><strong>epist.</strong></span> <span class='ocrx_word' id='word_1_52' title='bbox 1484 732 1521 794; x_wconf 90' lang='lat' dir='ltr'><strong>ad</strong></span> <span class='ocrx_word' id='word_1_53' title='bbox 1537 732 1728 808; x_wconf 73' lang='lat' dir='ltr'><strong>llicbielem</strong></span> <span class='ocrx_word' id='word_1_54' title='bbox 1742 732 1828 796; x_wconf 89' lang='lat' dir='ltr'><strong>idern</strong></span> <span class='ocrx_word' id='word_1_55' title='bbox 1841 737 1970 814; x_wconf 88' lang='lat' dir='ltr'><strong>repetit:</strong></span> 
     </span>
     <span class='ocr_line' id='line_1_6' title="bbox 191 803 1974 900; baseline 0.003 -26"><span class='ocrx_word' id='word_1_56' title='bbox 191 813 501 884; x_wconf 87' lang='lat' dir='ltr'><strong>remediumutturn,</strong></span> <span class='ocrx_word' id='word_1_57' title='bbox 529 825 590 870; x_wconf 91' lang='lat' dir='ltr'><strong>nen</strong></span> <span class='ocrx_word' id='word_1_58' title='bbox 606 810 687 872; x_wconf 87' lang='lat' dir='ltr'><strong>enim</strong></span> <span class='ocrx_word' id='word_1_59' title='bbox 704 810 796 872; x_wconf 90' lang='lat' dir='ltr'><strong>babet</strong></span> <span class='ocrx_word' id='word_1_60' title='bbox 816 810 1055 891; x_wconf 89' lang='lat' dir='ltr'><strong>superiorem,a</strong></span> <span class='ocrx_word' id='word_1_61' title='bbox 1098 803 1202 888; x_wconf 82' lang='lat' dir='ltr'><strong>Patet,</strong></span> <span class='ocrx_word' id='word_1_62' title='bbox 1216 814 1325 892; x_wconf 83' lang='lat' dir='ltr'><strong>inquit,</strong></span> <span class='ocrx_word' id='word_1_63' title='bbox 1346 817 1488 894; x_wconf 66' lang='lat' dir='ltr'><strong>plumato</strong></span> <span class='ocrx_word' id='word_1_64' title='bbox 1512 817 1598 879; x_wconf 85' lang='lat' dir='ltr'><strong>cedis</strong></span> <span class='ocrx_word' id='word_1_65' title='bbox 1624 817 1843 896; x_wconf 84' lang='lat' dir='ltr'><strong>apostolieae,</strong></span> <span class='ocrx_word' id='word_1_66' title='bbox 1873 817 1974 900; x_wconf 63' lang='lat' dir='ltr'><strong>orgus</strong></span> 
     </span>
     <span class='ocr_line' id='line_1_7' title="bbox 191 892 1975 976; baseline 0.003 -20"><span class='ocrx_word' id='word_1_67' title='bbox 191 911 253 973; x_wconf 86' lang='lat' dir='ltr'><strong>quo</strong></span> <span class='ocrx_word' id='word_1_68' title='bbox 269 895 382 973; x_wconf 77' lang='lat' dir='ltr'><strong>deponi</strong></span> <span class='ocrx_word' id='word_1_69' title='bbox 404 898 511 971; x_wconf 89' lang='lat' dir='ltr'><strong>posstt.</strong></span> <span class='ocrx_word' id='word_1_70' title='bbox 527 892 603 955; x_wconf 85' lang='lat' dir='ltr'><strong>lteur</strong></span> <span class='ocrx_word' id='word_1_71' title='bbox 626 892 656 952; x_wconf 90' lang='lat' dir='ltr'><strong>iu</strong></span> <span class='ocrx_word' id='word_1_72' title='bbox 680 893 900 957; x_wconf 71' lang='lat' dir='ltr'><strong>constantiensi</strong></span> <span class='ocrx_word' id='word_1_73' title='bbox 922 894 1071 958; x_wconf 30' lang='lat' dir='ltr'><strong>coneilio*</strong></span> <span class='ocrx_word' id='word_1_74' title='bbox 1100 897 1291 976; x_wconf 72' lang='lat' dir='ltr'><strong>anctoritate</strong></span> <span class='ocrx_word' id='word_1_75' title='bbox 1306 896 1413 976; x_wconf 78' lang='lat' dir='ltr'><strong>neojur</strong></span> <span class='ocrx_word' id='word_1_76' title='bbox 1426 915 1496 962; x_wconf 79' lang='lat' dir='ltr'><strong>neta</strong></span> <span class='ocrx_word' id='word_1_77' title='bbox 1511 905 1556 962; x_wconf 85' lang='lat' dir='ltr'><strong>cst</strong></span> <span class='ocrx_word' id='word_1_78' title='bbox 1569 944 1577 975; x_wconf 93' lang='lat'><strong>,</strong></span> <span class='ocrx_word' id='word_1_79' title='bbox 1588 897 1759 976; x_wconf 75' lang='lat' dir='ltr'><strong>judiciem</strong></span> <span class='ocrx_word' id='word_1_80' title='bbox 1775 945 1783 974; x_wconf 93' lang='lat'><strong>,</strong></span> <span class='ocrx_word' id='word_1_81' title='bbox 1799 905 1975 964; x_wconf 84' lang='lat' dir='ltr'><strong>amemtnc</strong></span> 
     </span>
     <span class='ocr_line' id='line_1_8' title="bbox 192 973 1968 1059; baseline 0.003 -20"><span class='ocrx_word' id='word_1_82' title='bbox 192 976 564 1040; x_wconf 86' lang='lat' dir='ltr'><strong>editaestttnttnltartini</strong></span> <span class='ocrx_word' id='word_1_83' title='bbox 582 973 1054 1054; x_wconf 84' lang='lat' dir='ltr'><strong>il.ipsonpprobanteconcilio,</strong></span> <span class='ocrx_word' id='word_1_84' title='bbox 1098 978 1433 1059; x_wconf 73' lang='lat' dir='ltr'><strong>soreretrectondum.</strong></span> <span class='ocrx_word' id='word_1_85' title='bbox 1527 1027 1529 1034; x_wconf 88' lang='lat'><em>.</em></span> <span class='ocrx_word' id='word_1_86' title='bbox 1569 1007 1572 1014; x_wconf 34' lang='lat' dir='ltr'><strong>r</strong></span> <span class='ocrx_word' id='word_1_87' title='bbox 1870 1023 1871 1028; x_wconf 19' lang='grc' dir='ltr'><strong>κ</strong></span> <span class='ocrx_word' id='word_1_88' title='bbox 1965 1009 1968 1014; x_wconf 93' lang='grc'><em>·</em></span> 
     </span>
     <span class='ocr_line' id='line_1_9' title="bbox 192 1053 1974 1140; baseline 0.003 -20"><span class='ocrx_word' id='word_1_89' title='bbox 192 1061 224 1122; x_wconf 89' lang='lat' dir='ltr'><strong>in</strong></span> <span class='ocrx_word' id='word_1_90' title='bbox 237 1077 295 1140; x_wconf 89' lang='lat' dir='ltr'><strong>qua</strong></span> <span class='ocrx_word' id='word_1_91' title='bbox 309 1058 602 1138; x_wconf 83' lang='lat' dir='ltr'><strong>jubentursuspccti</strong></span> <span class='ocrx_word' id='word_1_92' title='bbox 619 1058 658 1119; x_wconf 93' lang='lat' dir='ltr'><strong>dc</strong></span> <span class='ocrx_word' id='word_1_93' title='bbox 674 1053 795 1120; x_wconf 78' lang='lat' dir='ltr'><strong>lraer&#39;esi</strong></span> <span class='ocrx_word' id='word_1_94' title='bbox 809 1060 1000 1139; x_wconf 86' lang='lat' dir='ltr'><strong>interrogari,</strong></span> <span class='ocrx_word' id='word_1_95' title='bbox 1016 1077 1056 1123; x_wconf 89' lang='lat' dir='ltr'><strong>on</strong></span> <span class='ocrx_word' id='word_1_96' title='bbox 1141 1063 1306 1140; x_wconf 74' lang='lat' dir='ltr'><strong>Gregorius</strong></span> <span class='ocrx_word' id='word_1_97' title='bbox 1328 1062 1382 1124; x_wconf 87' lang='lat' dir='ltr'><strong>tib.</strong></span> <span class='ocrx_word' id='word_1_98' title='bbox 1409 1063 1439 1124; x_wconf 85' lang='grc'><strong>9.</strong></span> <span class='ocrx_word' id='word_1_99' title='bbox 1456 1062 1548 1140; x_wconf 91' lang='lat' dir='ltr'><strong>epist.</strong></span> <span class='ocrx_word' id='word_1_100' title='bbox 1571 1062 1622 1124; x_wconf 83' lang='grc'><strong>39.</strong></span> <span class='ocrx_word' id='word_1_101' title='bbox 1646 1063 1682 1124; x_wconf 92' lang='lat' dir='ltr'><strong>ad</strong></span> <span class='ocrx_word' id='word_1_102' title='bbox 1705 1062 1896 1126; x_wconf 81' lang='lat' dir='ltr'><strong>&#39;tlrcotistcm</strong></span> <span class='ocrx_word' id='word_1_103' title='bbox 1920 1082 1974 1140; x_wconf 91' lang='lat' dir='ltr'><strong>pn-</strong></span> 
     </span>
     <span class='ocr_line' id='line_1_10' title="bbox 193 1139 1974 1222; baseline 0.002 -19"><span class='ocrx_word' id='word_1_104' title='bbox 193 1159 255 1205; x_wconf 92' lang='lat' dir='ltr'><strong>nen</strong></span> <span class='ocrx_word' id='word_1_105' title='bbox 278 1143 405 1205; x_wconf 88' lang='lat' dir='ltr'><strong>eredunt</strong></span> <span class='ocrx_word' id='word_1_106' title='bbox 425 1156 584 1202; x_wconf 88' lang='lat' dir='ltr'><strong>romonum</strong></span> <span class='ocrx_word' id='word_1_107' title='bbox 611 1139 786 1218; x_wconf 88' lang='lat' dir='ltr'><strong>pontiticem</strong></span> <span class='ocrx_word' id='word_1_108' title='bbox 811 1142 928 1203; x_wconf 88' lang='lat' dir='ltr'><strong>habero</strong></span> <span class='ocrx_word' id='word_1_109' title='bbox 952 1142 984 1203; x_wconf 88' lang='lat' dir='ltr'><strong>in</strong></span> <span class='ocrx_word' id='word_1_110' title='bbox 998 1142 1055 1204; x_wconf 90' lang='lat' dir='ltr'><strong>Ee·</strong></span> <span class='ocrx_word' id='word_1_111' title='bbox 1075 1139 1079 1147; x_wconf 88' lang='lat'>&#39;</span> <span class='ocrx_word' id='word_1_112' title='bbox 1101 1143 1223 1206; x_wconf 81' lang='lat' dir='ltr'><strong>tritium:</strong></span> <span class='ocrx_word' id='word_1_113' title='bbox 1241 1142 1297 1218; x_wconf 89' lang='lat' dir='ltr'><strong>Si,</strong></span> <span class='ocrx_word' id='word_1_114' title='bbox 1321 1144 1440 1221; x_wconf 80' lang='lat' dir='ltr'><strong>inquit,</strong></span> <span class='ocrx_word' id='word_1_115' title='bbox 1464 1145 1494 1206; x_wconf 85' lang='lat' dir='ltr'><strong>b.</strong></span> <span class='ocrx_word' id='word_1_116' title='bbox 1517 1145 1651 1218; x_wconf 81' lang='lat' dir='ltr'><strong>Petrus,</strong></span> <span class='ocrx_word' id='word_1_117' title='bbox 1679 1157 1755 1208; x_wconf 89' lang='lat' dir='ltr'><strong>cum</strong></span> <span class='ocrx_word' id='word_1_118' title='bbox 1774 1163 1797 1206; x_wconf 91' lang='lat' dir='ltr'><strong>a</strong></span> <span class='ocrx_word' id='word_1_119' title='bbox 1816 1146 1974 1222; x_wconf 62' lang='lat' dir='ltr'><strong>fidelibus</strong></span> 
     </span>
     <span class='ocr_line' id='line_1_11' title="bbox 191 1223 1971 1308; baseline 0.003 -22"><span class='ocrx_word' id='word_1_120' title='bbox 191 1226 285 1287; x_wconf 87' lang='lat' dir='ltr'><strong>etesia</strong></span> <span class='ocrx_word' id='word_1_121' title='bbox 310 1223 366 1286; x_wconf 87' lang='lat' dir='ltr'><strong>Dei</strong></span> <span class='ocrx_word' id='word_1_122' title='bbox 396 1239 571 1301; x_wconf 88' lang='lat' dir='ltr'><strong>supremam</strong></span> <span class='ocrx_word' id='word_1_123' title='bbox 597 1228 792 1301; x_wconf 89' lang='lat' dir='ltr'><strong>potestatem.</strong></span> <span class='ocrx_word' id='word_1_124' title='bbox 822 1223 859 1286; x_wconf 82' lang='lat' dir='ltr'><strong>At</strong></span> <span class='ocrx_word' id='word_1_125' title='bbox 885 1232 968 1286; x_wconf 88' lang='lat' dir='ltr'><strong>uerte</strong></span> <span class='ocrx_word' id='word_1_126' title='bbox 1004 1241 1055 1286; x_wconf 90' lang='lat' dir='ltr'><strong>su·</strong></span> <span class='ocrx_word' id='word_1_127' title='bbox 1098 1226 1298 1304; x_wconf 76' lang='lat' dir='ltr'><strong>culparetur,</strong></span> <span class='ocrx_word' id='word_1_128' title='bbox 1321 1227 1892 1308; x_wconf 80' lang='lat' dir='ltr'><strong>summitatem,quantineauetem</strong></span> <span class='ocrx_word' id='word_1_129' title='bbox 1906 1229 1971 1292; x_wconf 85' lang='lat' dir='ltr'><strong>Ee·</strong></span> 
     </span>
     <span class='ocr_line' id='line_1_12' title="bbox 189 1306 1972 1392; baseline 0.003 -24"><span class='ocrx_word' id='word_1_130' title='bbox 189 1324 295 1386; x_wconf 89' lang='lat' dir='ltr'><strong>prema</strong></span> <span class='ocrx_word' id='word_1_131' title='bbox 311 1315 358 1368; x_wconf 87' lang='lat' dir='ltr'><strong>cst</strong></span> <span class='ocrx_word' id='word_1_132' title='bbox 371 1317 462 1386; x_wconf 73' lang='lat' dir='ltr'><strong>,&#39;qnn</strong></span> <span class='ocrx_word' id='word_1_133' title='bbox 488 1307 570 1366; x_wconf 83' lang='lat' dir='ltr'><strong>trulla</strong></span> <span class='ocrx_word' id='word_1_134' title='bbox 586 1312 634 1368; x_wconf 88' lang='lat' dir='ltr'><strong>cst</strong></span> <span class='ocrx_word' id='word_1_135' title='bbox 649 1306 765 1379; x_wconf 87' lang='lat' dir='ltr'><strong>maier,</strong></span> <span class='ocrx_word' id='word_1_136' title='bbox 788 1313 818 1368; x_wconf 91' lang='lat' dir='ltr'><strong>ct</strong></span> <span class='ocrx_word' id='word_1_137' title='bbox 840 1309 889 1369; x_wconf 91' lang='lat' dir='ltr'><strong>cui</strong></span> <span class='ocrx_word' id='word_1_138' title='bbox 910 1307 993 1369; x_wconf 91' lang='lat' dir='ltr'><strong>nulla</strong></span> <span class='ocrx_word' id='word_1_139' title='bbox 1005 1313 1056 1370; x_wconf 88' lang='lat' dir='ltr'><strong>ce·</strong></span> <span class='ocrx_word' id='word_1_140' title='bbox 1100 1309 1232 1372; x_wconf 83' lang='lat' dir='ltr'><strong>ciceiam</strong></span> <span class='ocrx_word' id='word_1_141' title='bbox 1246 1317 1438 1388; x_wconf 83' lang='lat' dir='ltr'><strong>acceperat,</strong></span> <span class='ocrx_word' id='word_1_142' title='bbox 1464 1311 1650 1374; x_wconf 84' lang='lat' dir='ltr'><strong>attendisset</strong></span> <span class='ocrx_word' id='word_1_143' title='bbox 1664 1357 1671 1381; x_wconf 83' lang='lat'><strong>,</strong></span> <span class='ocrx_word' id='word_1_144' title='bbox 1698 1313 1897 1389; x_wconf 83' lang='lat' dir='ltr'><strong>respondero</strong></span> <span class='ocrx_word' id='word_1_145' title='bbox 1909 1330 1972 1392; x_wconf 85' lang='lat' dir='ltr'><strong>po·</strong></span> 
     </span>
     <span class='ocr_line' id='line_1_13' title="bbox 190 1390 1973 1473; baseline 0.003 -22"><span class='ocrx_word' id='word_1_146' title='bbox 190 1390 301 1472; x_wconf 88' lang='lat' dir='ltr'><strong>quatis.</strong></span> <span class='ocrx_word' id='word_1_147' title='bbox 1057 1399 1058 1402; x_wconf 75' lang='grc'>’</span> <span class='ocrx_word' id='word_1_148' title='bbox 1099 1395 1192 1455; x_wconf 86' lang='lat' dir='ltr'><strong>terat:</strong></span> <span class='ocrx_word' id='word_1_149' title='bbox 1206 1397 1243 1453; x_wconf 89' lang='lat' dir='ltr'><strong>ut</strong></span> <span class='ocrx_word' id='word_1_150' title='bbox 1261 1397 1425 1471; x_wconf 73' lang='lat' dir='ltr'><strong>pastorem</strong></span> <span class='ocrx_word' id='word_1_151' title='bbox 1443 1409 1542 1455; x_wconf 89' lang='lat' dir='ltr'><strong>suum</strong></span> <span class='ocrx_word' id='word_1_152' title='bbox 1562 1408 1633 1455; x_wconf 86' lang='lat' dir='ltr'><strong>occe</strong></span> <span class='ocrx_word' id='word_1_153' title='bbox 1647 1395 1973 1473; x_wconf 75' lang='lat' dir='ltr'><strong>reprcttcudereneu</strong></span> 
     </span>
     <span class='ocr_line' id='line_1_14' title="bbox 231 1469 1972 1558; baseline 0.003 -24"><span class='ocrx_word' id='word_1_154' title='bbox 231 1471 371 1552; x_wconf 84' lang='lat' dir='ltr'><strong>Denique</strong></span> <span class='ocrx_word' id='word_1_155' title='bbox 386 1473 581 1554; x_wconf 86' lang='lat' dir='ltr'><strong>lateranense</strong></span> <span class='ocrx_word' id='word_1_156' title='bbox 595 1469 737 1530; x_wconf 87' lang='lat' dir='ltr'><strong>ultimum</strong></span> <span class='ocrx_word' id='word_1_157' title='bbox 748 1469 1055 1544; x_wconf 72' lang='lat' dir='ltr'><strong>subbeoneXsess.</strong></span> <span class='ocrx_word' id='word_1_158' title='bbox 1100 1475 1272 1554; x_wconf 82' lang='lat' dir='ltr'><strong>auderent.</strong></span> <span class='ocrx_word' id='word_1_159' title='bbox 1296 1473 1413 1538; x_wconf 81' lang='lat' dir='ltr'><strong>Sedet</strong></span> <span class='ocrx_word' id='word_1_160' title='bbox 1439 1474 1478 1537; x_wconf 86' lang='lat' dir='ltr'><strong>irc</strong></span> <span class='ocrx_word' id='word_1_161' title='bbox 1501 1477 1635 1554; x_wconf 81' lang='lat' dir='ltr'><strong>quercla</strong></span> <span class='ocrx_word' id='word_1_162' title='bbox 1662 1474 1809 1552; x_wconf 67' lang='lat' dir='ltr'><strong>fidetium</strong></span> <span class='ocrx_word' id='word_1_163' title='bbox 1836 1477 1972 1558; x_wconf 84' lang='lat' dir='ltr'><strong>aliquid</strong></span> 
     </span>
     <span class='ocr_line' id='line_1_15' title="bbox 190 1553 1970 1636; baseline 0.004 -21"><span class='ocrx_word' id='word_1_164' title='bbox 190 1555 240 1617; x_wconf 89' lang='lat' dir='ltr'><strong>tt.</strong></span> <span class='ocrx_word' id='word_1_165' title='bbox 256 1555 370 1616; x_wconf 88' lang='lat' dir='ltr'><strong>diserte</strong></span> <span class='ocrx_word' id='word_1_166' title='bbox 394 1562 424 1613; x_wconf 92' lang='lat' dir='ltr'><strong>ct</strong></span> <span class='ocrx_word' id='word_1_167' title='bbox 439 1570 476 1630; x_wconf 83' lang='lat' dir='ltr'><strong>cx</strong></span> <span class='ocrx_word' id='word_1_168' title='bbox 492 1553 630 1630; x_wconf 81' lang='lat' dir='ltr'><strong>prcttesso</strong></span> <span class='ocrx_word' id='word_1_169' title='bbox 646 1555 760 1622; x_wconf 86' lang='lat' dir='ltr'><strong>docuit,</strong></span> <span class='ocrx_word' id='word_1_170' title='bbox 785 1553 962 1632; x_wconf 88' lang='lat' dir='ltr'><strong>poetillccm</strong></span> <span class='ocrx_word' id='word_1_171' title='bbox 983 1571 1054 1618; x_wconf 89' lang='lat' dir='ltr'><strong>esse</strong></span> <span class='ocrx_word' id='word_1_172' title='bbox 1098 1559 1214 1634; x_wconf 65' lang='lat' dir='ltr'><strong>dejsue</strong></span> <span class='ocrx_word' id='word_1_173' title='bbox 1222 1561 1377 1636; x_wconf 82' lang='lat' dir='ltr'><strong>potestate</strong></span> <span class='ocrx_word' id='word_1_174' title='bbox 1399 1557 1518 1620; x_wconf 86' lang='lat' dir='ltr'><strong>diceret</strong></span> <span class='ocrx_word' id='word_1_175' title='bbox 1534 1587 1546 1632; x_wconf 35' lang='lat' dir='ltr'><strong>,v</strong></span> <span class='ocrx_word' id='word_1_176' title='bbox 1569 1559 1680 1621; x_wconf 88' lang='lat' dir='ltr'><strong>docter</strong></span> <span class='ocrx_word' id='word_1_177' title='bbox 1698 1561 1970 1624; x_wconf 81' lang='lat' dir='ltr'><strong>rncmuctudtuts</strong></span> 
     </span>
     <span class='ocr_line' id='line_1_16' title="bbox 188 1633 1926 1720; baseline 0.005 -24"><span class='ocrx_word' id='word_1_178' title='bbox 188 1653 280 1717; x_wconf 89' lang='lat' dir='ltr'><strong>snpra</strong></span> <span class='ocrx_word' id='word_1_179' title='bbox 297 1637 397 1700; x_wconf 86' lang='lat' dir='ltr'><strong>omnia</strong></span> <span class='ocrx_word' id='word_1_180' title='bbox 414 1637 556 1709; x_wconf 90' lang='lat' dir='ltr'><strong>concilia,</strong></span> <span class='ocrx_word' id='word_1_181' title='bbox 573 1641 603 1697; x_wconf 90' lang='lat' dir='ltr'><strong>ct</strong></span> <span class='ocrx_word' id='word_1_182' title='bbox 615 1636 789 1713; x_wconf 86' lang='lat' dir='ltr'><strong>reprobarit</strong></span> <span class='ocrx_word' id='word_1_183' title='bbox 803 1640 990 1700; x_wconf 89' lang='lat' dir='ltr'><strong>contrarium</strong></span> <span class='ocrx_word' id='word_1_184' title='bbox 1001 1639 1055 1700; x_wconf 94' lang='lat' dir='ltr'><strong>de·</strong></span> <span class='ocrx_word' id='word_1_185' title='bbox 1098 1633 1446 1716; x_wconf 68' lang='lat' dir='ltr'><strong>uoo‘tutssctmmmttt</strong></span> <span class='ocrx_word' id='word_1_186' title='bbox 1466 1656 1540 1720; x_wconf 84' lang='lat' dir='ltr'><strong>ergo</strong></span> <span class='ocrx_word' id='word_1_187' title='bbox 1557 1656 1609 1703; x_wconf 87' lang='lat' dir='ltr'><strong>coe</strong></span> <span class='ocrx_word' id='word_1_188' title='bbox 1625 1641 1755 1704; x_wconf 88' lang='lat' dir='ltr'><strong>ratione</strong></span> <span class='ocrx_word' id='word_1_189' title='bbox 1764 1642 1926 1720; x_wconf 82' lang='lat' dir='ltr'><strong>placauit.</strong></span> 
     </span>
     <span class='ocr_line' id='line_1_17' title="bbox 189 1715 1970 1804; baseline 0.002 -22"><span class='ocrx_word' id='word_1_190' title='bbox 189 1727 318 1794; x_wconf 88' lang='lat' dir='ltr'><strong>cretam,</strong></span> <span class='ocrx_word' id='word_1_191' title='bbox 343 1723 458 1781; x_wconf 90' lang='lat' dir='ltr'><strong>editum</strong></span> <span class='ocrx_word' id='word_1_192' title='bbox 474 1720 504 1778; x_wconf 90' lang='lat' dir='ltr'><strong>in</strong></span> <span class='ocrx_word' id='word_1_193' title='bbox 521 1717 652 1779; x_wconf 88' lang='lat' dir='ltr'><strong>concilio</strong></span> <span class='ocrx_word' id='word_1_194' title='bbox 667 1717 834 1780; x_wconf 87' lang='lat' dir='ltr'><strong>basileensi</strong></span> <span class='ocrx_word' id='word_1_195' title='bbox 848 1736 857 1779; x_wconf 86' lang='lat' dir='ltr'><strong>r</strong></span> <span class='ocrx_word' id='word_1_196' title='bbox 874 1718 1056 1795; x_wconf 75' lang='lat' dir='ltr'><strong>Salamin·</strong></span> <span class='ocrx_word' id='word_1_197' title='bbox 1144 1715 1300 1796; x_wconf 79' lang='lat' dir='ltr'><strong>Eusebelis</strong></span> <span class='ocrx_word' id='word_1_198' title='bbox 1314 1739 1404 1801; x_wconf 87' lang='lat' dir='ltr'><strong>papa,</strong></span> <span class='ocrx_word' id='word_1_199' title='bbox 1422 1724 1596 1786; x_wconf 87' lang='lat' dir='ltr'><strong>uthebetur</strong></span> <span class='ocrx_word' id='word_1_200' title='bbox 1608 1739 1676 1802; x_wconf 65' lang='lat' dir='ltr'><strong>cupa</strong></span> <span class='ocrx_word' id='word_1_201' title='bbox 1690 1722 1901 1804; x_wconf 77' lang='lat' dir='ltr'><strong>significasti,</strong></span> <span class='ocrx_word' id='word_1_202' title='bbox 1915 1741 1970 1788; x_wconf 85' lang='lat' dir='ltr'><strong>en·</strong></span> 
     </span>
     <span class='ocr_line' id='line_1_18' title="bbox 193 1798 1968 1885; baseline 0.003 -21"><span class='ocrx_word' id='word_1_203' title='bbox 193 1803 271 1882; x_wconf 86' lang='lat' dir='ltr'><strong>quit,</strong></span> <span class='ocrx_word' id='word_1_204' title='bbox 288 1818 467 1866; x_wconf 81' lang='lat' dir='ltr'><strong>centenum</strong></span> <span class='ocrx_word' id='word_1_205' title='bbox 486 1798 688 1882; x_wconf 72' lang='lat' dir='ltr'><strong>pontificem,</strong></span> <span class='ocrx_word' id='word_1_206' title='bbox 713 1806 882 1882; x_wconf 79' lang='lat' dir='ltr'><strong>lampacem</strong></span> <span class='ocrx_word' id='word_1_207' title='bbox 901 1819 1001 1883; x_wconf 81' lang='lat' dir='ltr'><strong>super</strong></span> <span class='ocrx_word' id='word_1_208' title='bbox 1022 1821 1057 1867; x_wconf 92' lang='lat' dir='ltr'><strong>o·</strong></span> <span class='ocrx_word' id='word_1_209' title='bbox 1100 1809 1143 1866; x_wconf 87' lang='lat' dir='ltr'><strong>tra</strong></span> <span class='ocrx_word' id='word_1_210' title='bbox 1166 1805 1205 1876; x_wconf 90' lang='lat' dir='ltr'><strong>de</strong></span> <span class='ocrx_word' id='word_1_211' title='bbox 1224 1805 1392 1868; x_wconf 84' lang='lat' dir='ltr'><strong>electione:</strong></span> <span class='ocrx_word' id='word_1_212' title='bbox 1413 1805 1523 1884; x_wconf 72' lang='lat' dir='ltr'><strong>Aiunt.</strong></span> <span class='ocrx_word' id='word_1_213' title='bbox 1551 1805 1661 1885; x_wconf 87' lang='lat' dir='ltr'><strong>inquit,</strong></span> <span class='ocrx_word' id='word_1_214' title='bbox 1681 1808 1721 1868; x_wconf 88' lang='lat' dir='ltr'><strong>in</strong></span> <span class='ocrx_word' id='word_1_215' title='bbox 1735 1807 1968 1876; x_wconf 72' lang='lat' dir='ltr'><strong>eonciliie&#39;ste·</strong></span> 
     </span>
     <span class='ocr_line' id='line_1_19' title="bbox 187 1883 1972 1968; baseline 0.003 -21"><span class='ocrx_word' id='word_1_216' title='bbox 187 1888 282 1948; x_wconf 88' lang='lat' dir='ltr'><strong>mnia</strong></span> <span class='ocrx_word' id='word_1_217' title='bbox 296 1886 438 1949; x_wconf 81' lang='lat' dir='ltr'><strong>coercitio</strong></span> <span class='ocrx_word' id='word_1_218' title='bbox 459 1886 685 1946; x_wconf 85' lang='lat' dir='ltr'><strong>artctoritmcm</strong></span> <span class='ocrx_word' id='word_1_219' title='bbox 705 1883 887 1958; x_wconf 86' lang='lat' dir='ltr'><strong>tradentem,</strong></span> <span class='ocrx_word' id='word_1_220' title='bbox 904 1888 1056 1948; x_wconf 78' lang='lat' dir='ltr'><strong>conscilio·</strong></span> <span class='ocrx_word' id='word_1_221' title='bbox 1098 1893 1203 1950; x_wconf 87' lang='lat' dir='ltr'><strong>tutum</strong></span> <span class='ocrx_word' id='word_1_222' title='bbox 1218 1903 1288 1950; x_wconf 86' lang='lat' dir='ltr'><strong>nen</strong></span> <span class='ocrx_word' id='word_1_223' title='bbox 1298 1889 1453 1955; x_wconf 82' lang='lat' dir='ltr'><strong>iuuenili.</strong></span> <span class='ocrx_word' id='word_1_224' title='bbox 1466 1890 1732 1968; x_wconf 87' lang='lat' dir='ltr'><strong>queeiromauae</strong></span> <span class='ocrx_word' id='word_1_225' title='bbox 1745 1890 1911 1952; x_wconf 82' lang='lat' dir='ltr'><strong>Ecclesiae</strong></span> <span class='ocrx_word' id='word_1_226' title='bbox 1928 1892 1972 1952; x_wconf 89' lang='lat' dir='ltr'><strong>le-</strong></span> 
     </span>
     <span class='ocr_line' id='line_1_20' title="bbox 186 1965 1972 2050; baseline 0.003 -20"><span class='ocrx_word' id='word_1_227' title='bbox 186 1983 264 2032; x_wconf 84' lang='lat' dir='ltr'><strong>antea</strong></span> <span class='ocrx_word' id='word_1_228' title='bbox 283 1969 559 2036; x_wconf 85' lang='lat' dir='ltr'><strong>indicendorum,</strong></span> <span class='ocrx_word' id='word_1_229' title='bbox 583 1965 907 2042; x_wconf 76' lang='lat' dir='ltr'><strong>transtereudorum.</strong></span> <span class='ocrx_word' id='word_1_230' title='bbox 930 1986 969 2031; x_wconf 89' lang='lat' dir='ltr'><strong>ue</strong></span> <span class='ocrx_word' id='word_1_231' title='bbox 990 1971 1056 2032; x_wconf 75' lang='lat' dir='ltr'><strong>deb·</strong></span> <span class='ocrx_word' id='word_1_232' title='bbox 1098 1984 1171 2047; x_wconf 84' lang='lat' dir='ltr'><strong>gem</strong></span> <span class='ocrx_word' id='word_1_233' title='bbox 1186 1970 1326 2032; x_wconf 84' lang='lat' dir='ltr'><strong>coucilia</strong></span> <span class='ocrx_word' id='word_1_234' title='bbox 1339 1970 1412 2032; x_wconf 89' lang='lat' dir='ltr'><strong>ulle</strong></span> <span class='ocrx_word' id='word_1_235' title='bbox 1424 1971 1652 2050; x_wconf 75' lang='lat' dir='ltr'><strong>praeliamini.</strong></span> <span class='ocrx_word' id='word_1_236' title='bbox 1669 1988 1744 2034; x_wconf 85' lang='lat' dir='ltr'><strong>actm</strong></span> <span class='ocrx_word' id='word_1_237' title='bbox 1759 1975 1875 2035; x_wconf 88' lang='lat' dir='ltr'><strong>omnia</strong></span> <span class='ocrx_word' id='word_1_238' title='bbox 1892 1989 1972 2036; x_wconf 82' lang='lat' dir='ltr'><strong>coe·</strong></span> 
     </span>
     <span class='ocr_line' id='line_1_21' title="bbox 186 2049 1972 2134; baseline 0.003 -22"><span class='ocrx_word' id='word_1_239' title='bbox 186 2053 417 2114; x_wconf 84' lang='lat' dir='ltr'><strong>solvendorum</strong></span> <span class='ocrx_word' id='word_1_240' title='bbox 436 2051 571 2130; x_wconf 83' lang='lat' dir='ltr'><strong>plantem</strong></span> <span class='ocrx_word' id='word_1_241' title='bbox 586 2049 669 2134; x_wconf 70' lang='lat' dir='ltr'><strong>itte,</strong></span> <span class='ocrx_word' id='word_1_242' title='bbox 704 2055 734 2110; x_wconf 92' lang='lat' dir='ltr'><strong>ct</strong></span> <span class='ocrx_word' id='word_1_243' title='bbox 752 2055 939 2128; x_wconf 82' lang='lat' dir='ltr'><strong>potestatem</strong></span> <span class='ocrx_word' id='word_1_244' title='bbox 959 2052 1054 2115; x_wconf 87' lang='lat' dir='ltr'><strong>itube-</strong></span> <span class='ocrx_word' id='word_1_245' title='bbox 1099 2053 1178 2115; x_wconf 88' lang='lat' dir='ltr'><strong>cilia</strong></span> <span class='ocrx_word' id='word_1_246' title='bbox 1196 2062 1255 2130; x_wconf 85' lang='lat' dir='ltr'><strong>per</strong></span> <span class='ocrx_word' id='word_1_247' title='bbox 1272 2067 1435 2115; x_wconf 71' lang='lat' dir='ltr'><strong>amurcae</strong></span> <span class='ocrx_word' id='word_1_248' title='bbox 1454 2054 1616 2116; x_wconf 77' lang='lat' dir='ltr'><strong>Ecclesiae</strong></span> <span class='ocrx_word' id='word_1_249' title='bbox 1631 2055 1859 2130; x_wconf 83' lang='lat' dir='ltr'><strong>ortctom&#39;iatcm</strong></span> <span class='ocrx_word' id='word_1_250' title='bbox 1875 2063 1907 2117; x_wconf 89' lang='lat' dir='ltr'><strong>et</strong></span> <span class='ocrx_word' id='word_1_251' title='bbox 1920 2057 1972 2134; x_wconf 76' lang='lat' dir='ltr'><strong>tic·</strong></span> 
     </span>
     <span class='ocr_line' id='line_1_22' title="bbox 187 2129 1971 2214; baseline 0.002 -17"><span class='ocrx_word' id='word_1_252' title='bbox 187 2151 241 2207; x_wconf 86' lang='lat' dir='ltr'><strong>rc,</strong></span> <span class='ocrx_word' id='word_1_253' title='bbox 262 2135 388 2196; x_wconf 85' lang='lat' dir='ltr'><strong>nedttm</strong></span> <span class='ocrx_word' id='word_1_254' title='bbox 416 2149 459 2194; x_wconf 84' lang='lat' dir='ltr'><strong>em</strong></span> <span class='ocrx_word' id='word_1_255' title='bbox 486 2129 600 2193; x_wconf 84' lang='lat' dir='ltr'><strong>sacrae</strong></span> <span class='ocrx_word' id='word_1_256' title='bbox 627 2130 816 2210; x_wconf 82' lang='lat' dir='ltr'><strong>scripturae</strong></span> <span class='ocrx_word' id='word_1_257' title='bbox 848 2134 1052 2211; x_wconf 84' lang='lat' dir='ltr'><strong>testimouie,</strong></span> <span class='ocrx_word' id='word_1_258' title='bbox 1098 2141 1151 2197; x_wconf 91' lang='lat' dir='ltr'><strong>cta</strong></span> <span class='ocrx_word' id='word_1_259' title='bbox 1169 2137 1245 2210; x_wconf 82' lang='lat' dir='ltr'><strong>siut,</strong></span> <span class='ocrx_word' id='word_1_260' title='bbox 1269 2140 1299 2196; x_wconf 93' lang='lat' dir='ltr'><strong>et</strong></span> <span class='ocrx_word' id='word_1_261' title='bbox 1312 2134 1415 2198; x_wconf 80' lang='lat' dir='ltr'><strong>robam·</strong></span> <span class='ocrx_word' id='word_1_262' title='bbox 1430 2137 1623 2214; x_wconf 80' lang='lat' dir='ltr'><strong>occeperim,</strong></span> <span class='ocrx_word' id='word_1_263' title='bbox 1641 2143 1670 2208; x_wconf 87' lang='lat' dir='ltr'><strong>et</strong></span> <span class='ocrx_word' id='word_1_264' title='bbox 1682 2138 1721 2200; x_wconf 87' lang='lat' dir='ltr'><strong>iu</strong></span> <span class='ocrx_word' id='word_1_265' title='bbox 1736 2153 1851 2208; x_wconf 72' lang='lat' dir='ltr'><strong>maana</strong></span> <span class='ocrx_word' id='word_1_266' title='bbox 1865 2143 1971 2200; x_wconf 85' lang='lat' dir='ltr'><strong>stutu-</strong></span> 
     </span>
     <span class='ocr_line' id='line_1_23' title="bbox 190 2211 1970 2302; baseline 0.003 -24"><span class='ocrx_word' id='word_1_267' title='bbox 190 2218 284 2279; x_wconf 86' lang='lat' dir='ltr'><strong>dictis</strong></span> <span class='ocrx_word' id='word_1_268' title='bbox 305 2211 494 2278; x_wconf 80' lang='lat' dir='ltr'><strong>serratorum</strong></span> <span class='ocrx_word' id='word_1_269' title='bbox 513 2214 649 2282; x_wconf 85' lang='lat' dir='ltr'><strong>Petrum</strong></span> <span class='ocrx_word' id='word_1_270' title='bbox 677 2230 718 2275; x_wconf 91' lang='lat' dir='ltr'><strong>uc</strong></span> <span class='ocrx_word' id='word_1_271' title='bbox 734 2216 882 2278; x_wconf 83' lang='lat' dir='ltr'><strong>ulterram</strong></span> <span class='ocrx_word' id='word_1_272' title='bbox 902 2233 1054 2281; x_wconf 84' lang='lat' dir='ltr'><strong>remoue-</strong></span> <span class='ocrx_word' id='word_1_273' title='bbox 1098 2217 1148 2283; x_wconf 81' lang='lat' dir='ltr'><strong>tls.</strong></span> <span class='ocrx_word' id='word_1_274' title='bbox 1163 2218 1296 2283; x_wconf 87' lang='lat' dir='ltr'><strong>romani</strong></span> <span class='ocrx_word' id='word_1_275' title='bbox 1307 2215 1473 2298; x_wconf 70' lang='lat' dir='ltr'><strong>paraliticis</strong></span> <span class='ocrx_word' id='word_1_276' title='bbox 1484 2225 1635 2300; x_wconf 85' lang='lat' dir='ltr'><strong>potenter</strong></span> <span class='ocrx_word' id='word_1_277' title='bbox 1650 2219 1841 2302; x_wconf 72' lang='lat' dir='ltr'><strong>accipietur</strong></span> <span class='ocrx_word' id='word_1_278' title='bbox 1854 2229 1970 2294; x_wconf 75' lang='lat' dir='ltr'><strong>aucto·</strong></span> 
     </span>
     <span class='ocr_line' id='line_1_24' title="bbox 187 2297 1557 2380; baseline 0.002 -18"><span class='ocrx_word' id='word_1_279' title='bbox 187 2315 265 2362; x_wconf 81' lang='lat' dir='ltr'><strong>mem</strong></span> <span class='ocrx_word' id='word_1_280' title='bbox 284 2297 486 2377; x_wconf 80' lang='lat' dir='ltr'><strong>poniificem,</strong></span> <span class='ocrx_word' id='word_1_281' title='bbox 509 2298 567 2360; x_wconf 86' lang='lat' dir='ltr'><strong>ead</strong></span> <span class='ocrx_word' id='word_1_282' title='bbox 586 2298 723 2377; x_wconf 84' lang='lat' dir='ltr'><strong>propria</strong></span> <span class='ocrx_word' id='word_1_283' title='bbox 744 2299 843 2360; x_wconf 88' lang='lat' dir='ltr'><strong>etiam</strong></span> <span class='ocrx_word' id='word_1_284' title='bbox 866 2303 1055 2364; x_wconf 80' lang='lat' dir='ltr'><strong>eoracmdem</strong></span> <span class='ocrx_word' id='word_1_285' title='bbox 1095 2302 1188 2364; x_wconf 79' lang='lat' dir='ltr'><strong>ritas.</strong></span> <span class='ocrx_word' id='word_1_286' title='bbox 1518 2343 1521 2348; x_wconf 89' lang='lat'>-</span> <span class='ocrx_word' id='word_1_287' title='bbox 1553 2319 1557 2380; x_wconf 80' lang='lat' dir='ltr'>j</span> 
     </span>
     <span class='ocr_line' id='line_1_25' title="bbox 187 2380 1970 2467; baseline 0.002 -23"><span class='ocrx_word' id='word_1_288' title='bbox 187 2383 400 2445; x_wconf 78' lang='lat' dir='ltr'><strong>conciliorum</strong></span> <span class='ocrx_word' id='word_1_289' title='bbox 412 2380 623 2457; x_wconf 71' lang='lat' dir='ltr'><strong>consessione,</strong></span> <span class='ocrx_word' id='word_1_290' title='bbox 635 2381 807 2456; x_wconf 75' lang='lat' dir='ltr'><strong>manifeste</strong></span> <span class='ocrx_word' id='word_1_291' title='bbox 820 2388 955 2445; x_wconf 79' lang='lat' dir='ltr'><strong>cerulei.</strong></span> <span class='ocrx_word' id='word_1_292' title='bbox 1138 2383 1336 2444; x_wconf 89' lang='lat' dir='ltr'><strong>innocentius</strong></span> <span class='ocrx_word' id='word_1_293' title='bbox 1351 2381 1406 2443; x_wconf 90' lang='lat' dir='ltr'><strong>itt.</strong></span> <span class='ocrx_word' id='word_1_294' title='bbox 1422 2398 1516 2445; x_wconf 82' lang='lat' dir='ltr'><strong>scrin.</strong></span> <span class='ocrx_word' id='word_1_295' title='bbox 1534 2384 1565 2446; x_wconf 71' lang='lat'><strong>2.</strong></span> <span class='ocrx_word' id='word_1_296' title='bbox 1582 2383 1620 2446; x_wconf 93' lang='lat' dir='ltr'><strong>de</strong></span> <span class='ocrx_word' id='word_1_297' title='bbox 1634 2383 1970 2467; x_wconf 77' lang='lat' dir='ltr'><strong>consecrationepen·</strong></span> 
     </span>
     <span class='ocr_line' id='line_1_26' title="bbox 227 2463 1970 2558; baseline 0.001 -31"><span class='ocrx_word' id='word_1_298' title='bbox 227 2465 271 2527; x_wconf 83' lang='lat' dir='ltr'><strong>dd</strong></span> <span class='ocrx_word' id='word_1_299' title='bbox 287 2465 370 2526; x_wconf 89' lang='lat' dir='ltr'><strong>bunc</strong></span> <span class='ocrx_word' id='word_1_300' title='bbox 392 2465 494 2558; x_wconf 68' lang='lat' dir='ltr'><strong>locoru</strong></span> <span class='ocrx_word' id='word_1_301' title='bbox 511 2463 586 2523; x_wconf 86' lang='lat' dir='ltr'><strong>nitrit</strong></span> <span class='ocrx_word' id='word_1_302' title='bbox 599 2467 701 2540; x_wconf 88' lang='lat' dir='ltr'><strong>potest</strong></span> <span class='ocrx_word' id='word_1_303' title='bbox 712 2465 906 2540; x_wconf 91' lang='lat' dir='ltr'><strong>responderi,</strong></span> <span class='ocrx_word' id='word_1_304' title='bbox 923 2465 982 2526; x_wconf 90' lang='lat' dir='ltr'><strong>nisi</strong></span> <span class='ocrx_word' id='word_1_305' title='bbox 1004 2468 1052 2528; x_wconf 89' lang='lat' dir='ltr'><strong>rel</strong></span> <span class='ocrx_word' id='word_1_306' title='bbox 1097 2465 1200 2528; x_wconf 89' lang='lat' dir='ltr'><strong>titlcis:</strong></span> <span class='ocrx_word' id='word_1_307' title='bbox 1222 2465 1263 2528; x_wconf 85' lang='lat' dir='ltr'><strong>lu</strong></span> <span class='ocrx_word' id='word_1_308' title='bbox 1284 2471 1421 2534; x_wconf 81' lang='lat' dir='ltr'><strong>taetram,</strong></span> <span class='ocrx_word' id='word_1_309' title='bbox 1446 2466 1557 2546; x_wconf 82' lang='lat' dir='ltr'><strong>inquit,</strong></span> <span class='ocrx_word' id='word_1_310' title='bbox 1580 2468 1664 2529; x_wconf 83' lang='lat' dir='ltr'><strong>milri</strong></span> <span class='ocrx_word' id='word_1_311' title='bbox 1676 2467 1970 2545; x_wconf 73' lang='lat' dir='ltr'><strong>lidaemeccssacin</strong></span> 
     </span>
     <span class='ocr_line' id='line_1_27' title="bbox 186 2545 1971 2630; baseline 0.004 -23"><span class='ocrx_word' id='word_1_312' title='bbox 186 2563 247 2610; x_wconf 92' lang='lat' dir='ltr'><strong>nnn</strong></span> <span class='ocrx_word' id='word_1_313' title='bbox 265 2549 361 2608; x_wconf 88' lang='lat' dir='ltr'><strong>tuisse</strong></span> <span class='ocrx_word' id='word_1_314' title='bbox 374 2545 540 2607; x_wconf 78' lang='lat' dir='ltr'><strong>concilium</strong></span> <span class='ocrx_word' id='word_1_315' title='bbox 557 2545 701 2622; x_wconf 81' lang='lat' dir='ltr'><strong>generante</strong></span> <span class='ocrx_word' id='word_1_316' title='bbox 715 2587 724 2618; x_wconf 92' lang='lat'><strong>,</strong></span> <span class='ocrx_word' id='word_1_317' title='bbox 748 2547 793 2606; x_wconf 89' lang='lat' dir='ltr'><strong>rot</strong></span> <span class='ocrx_word' id='word_1_318' title='bbox 818 2561 879 2608; x_wconf 92' lang='lat' dir='ltr'><strong>non</strong></span> <span class='ocrx_word' id='word_1_319' title='bbox 895 2548 991 2610; x_wconf 85' lang='lat' dir='ltr'><strong>inisse</strong></span> <span class='ocrx_word' id='word_1_320' title='bbox 1014 2551 1052 2611; x_wconf 89' lang='lat' dir='ltr'><strong>ab</strong></span> <span class='ocrx_word' id='word_1_321' title='bbox 1097 2553 1152 2620; x_wconf 85' lang='lat' dir='ltr'><strong>eat,</strong></span> <span class='ocrx_word' id='word_1_322' title='bbox 1179 2553 1216 2610; x_wconf 91' lang='lat' dir='ltr'><strong>ut</strong></span> <span class='ocrx_word' id='word_1_323' title='bbox 1239 2563 1314 2610; x_wconf 82' lang='lat' dir='ltr'><strong>mam</strong></span> <span class='ocrx_word' id='word_1_324' title='bbox 1335 2550 1374 2610; x_wconf 91' lang='lat' dir='ltr'><strong>de</strong></span> <span class='ocrx_word' id='word_1_325' title='bbox 1398 2550 1532 2610; x_wconf 84' lang='lat' dir='ltr'><strong>caeteris</strong></span> <span class='ocrx_word' id='word_1_326' title='bbox 1545 2551 1685 2630; x_wconf 79' lang='lat' dir='ltr'><strong>peccetis</strong></span> <span class='ocrx_word' id='word_1_327' title='bbox 1699 2549 1803 2613; x_wconf 85' lang='lat' dir='ltr'><strong>Deum</strong></span> <span class='ocrx_word' id='word_1_328' title='bbox 1812 2553 1971 2630; x_wconf 75' lang='lat' dir='ltr'><strong>judicem</strong></span> 
     </span>
     <span class='ocr_line' id='line_1_28' title="bbox 187 2625 1969 2714; baseline 0.005 -25"><span class='ocrx_word' id='word_1_329' title='bbox 187 2630 325 2691; x_wconf 75' lang='lat' dir='ltr'><strong>Ecclesia</strong></span> <span class='ocrx_word' id='word_1_330' title='bbox 348 2634 519 2708; x_wconf 90' lang='lat' dir='ltr'><strong>receptum,</strong></span> <span class='ocrx_word' id='word_1_331' title='bbox 546 2628 593 2688; x_wconf 88' lang='lat' dir='ltr'><strong>uei</strong></span> <span class='ocrx_word' id='word_1_332' title='bbox 611 2643 670 2688; x_wconf 91' lang='lat' dir='ltr'><strong>non</strong></span> <span class='ocrx_word' id='word_1_333' title='bbox 685 2625 861 2689; x_wconf 86' lang='lat' dir='ltr'><strong>dcllnivissc</strong></span> <span class='ocrx_word' id='word_1_334' title='bbox 878 2630 936 2692; x_wconf 88' lang='lat' dir='ltr'><strong>boc</strong></span> <span class='ocrx_word' id='word_1_335' title='bbox 953 2675 961 2700; x_wconf 89' lang='lat'><strong>,</strong></span> <span class='ocrx_word' id='word_1_336' title='bbox 979 2638 1053 2693; x_wconf 91' lang='lat' dir='ltr'><strong>tarn·</strong></span> <span class='ocrx_word' id='word_1_337' title='bbox 1097 2629 1246 2701; x_wconf 81' lang='lat' dir='ltr'><strong>trabeam,</strong></span> <span class='ocrx_word' id='word_1_338' title='bbox 1270 2636 1401 2710; x_wconf 84' lang='lat' dir='ltr'><strong>prepter</strong></span> <span class='ocrx_word' id='word_1_339' title='bbox 1424 2631 1531 2693; x_wconf 88' lang='lat' dir='ltr'><strong>solem</strong></span> <span class='ocrx_word' id='word_1_340' title='bbox 1543 2639 1730 2710; x_wconf 50' lang='lat' dir='ltr'><strong>peccatum.¹</strong></span> <span class='ocrx_word' id='word_1_341' title='bbox 1742 2637 1834 2712; x_wconf 80' lang='lat' dir='ltr'><strong>guod.</strong></span> <span class='ocrx_word' id='word_1_342' title='bbox 1846 2635 1888 2698; x_wconf 80' lang='lat' dir='ltr'><strong>ira</strong></span> <span class='ocrx_word' id='word_1_343' title='bbox 1902 2635 1969 2714; x_wconf 75' lang='lat' dir='ltr'><strong>side</strong></span> 
     </span>
     <span class='ocr_line' id='line_1_29' title="bbox 187 2708 1856 2794; baseline 0.004 -22"><span class='ocrx_word' id='word_1_344' title='bbox 187 2729 277 2788; x_wconf 85' lang='lat' dir='ltr'><strong>noum</strong></span> <span class='ocrx_word' id='word_1_345' title='bbox 291 2711 329 2771; x_wconf 90' lang='lat' dir='ltr'><strong>dc</strong></span> <span class='ocrx_word' id='word_1_346' title='bbox 346 2710 418 2772; x_wconf 80' lang='lat' dir='ltr'><strong>lade.</strong></span> <span class='ocrx_word' id='word_1_347' title='bbox 436 2708 498 2772; x_wconf 91' lang='lat' dir='ltr'><strong>Sed</strong></span> <span class='ocrx_word' id='word_1_348' title='bbox 515 2725 577 2772; x_wconf 93' lang='lat' dir='ltr'><strong>uon</strong></span> <span class='ocrx_word' id='word_1_349' title='bbox 591 2708 688 2770; x_wconf 88' lang='lat' dir='ltr'><strong>tuisse</strong></span> <span class='ocrx_word' id='word_1_350' title='bbox 700 2710 908 2786; x_wconf 89' lang='lat' dir='ltr'><strong>generale,rin</strong></span> <span class='ocrx_word' id='word_1_351' title='bbox 923 2714 982 2775; x_wconf 90' lang='lat' dir='ltr'><strong>dict</strong></span> <span class='ocrx_word' id='word_1_352' title='bbox 998 2731 1053 2793; x_wconf 92' lang='lat' dir='ltr'><strong>po·</strong></span> <span class='ocrx_word' id='word_1_353' title='bbox 1097 2713 1304 2776; x_wconf 81' lang='lat' dir='ltr'><strong>committitur</strong></span> <span class='ocrx_word' id='word_1_354' title='bbox 1315 2729 1442 2794; x_wconf 77' lang='lat' dir='ltr'><strong>peccem</strong></span> <span class='ocrx_word' id='word_1_355' title='bbox 1462 2713 1502 2775; x_wconf 87' lang='lat' dir='ltr'><strong>ab</strong></span> <span class='ocrx_word' id='word_1_356' title='bbox 1516 2715 1663 2777; x_wconf 85' lang='lat' dir='ltr'><strong>Ecclesia</strong></span> <span class='ocrx_word' id='word_1_357' title='bbox 1670 2713 1834 2792; x_wconf 83' lang='lat' dir='ltr'><strong>jacttcmt.</strong></span> <span class='ocrx_word' id='word_1_358' title='bbox 1853 2755 1856 2788; x_wconf 82' lang='grc'><strong>.</strong></span> 
     </span>
     <span class='ocr_line' id='line_1_30' title="bbox 185 2790 1965 2874; baseline 0.003 -18"><span class='ocrx_word' id='word_1_359' title='bbox 185 2801 255 2869; x_wconf 82' lang='lat' dir='ltr'><strong>test3</strong></span> <span class='ocrx_word' id='word_1_360' title='bbox 270 2809 339 2854; x_wconf 85' lang='lat' dir='ltr'><strong>narn</strong></span> <span class='ocrx_word' id='word_1_361' title='bbox 353 2792 411 2854; x_wconf 92' lang='lat' dir='ltr'><strong>ctsi</strong></span> <span class='ocrx_word' id='word_1_362' title='bbox 426 2791 549 2854; x_wconf 88' lang='lat' dir='ltr'><strong>luerunt</strong></span> <span class='ocrx_word' id='word_1_363' title='bbox 576 2790 718 2869; x_wconf 85' lang='lat' dir='ltr'><strong>episcopi</strong></span> <span class='ocrx_word' id='word_1_364' title='bbox 747 2793 924 2869; x_wconf 87' lang='lat' dir='ltr'><strong>paucissimi</strong></span> <span class='ocrx_word' id='word_1_365' title='bbox 943 2841 952 2865; x_wconf 91' lang='lat'><strong>,</strong></span> <span class='ocrx_word' id='word_1_366' title='bbox 982 2811 1053 2858; x_wconf 84' lang='lat' dir='ltr'><strong>nana</strong></span> <span class='ocrx_word' id='word_1_367' title='bbox 1136 2794 1310 2858; x_wconf 87' lang='lat' dir='ltr'><strong>Boniiucius</strong></span> <span class='ocrx_word' id='word_1_368' title='bbox 1328 2795 1404 2858; x_wconf 83' lang='lat' dir='ltr'><strong>itti.</strong></span> <span class='ocrx_word' id='word_1_369' title='bbox 1418 2795 1449 2857; x_wconf 92' lang='lat' dir='ltr'><strong>iu</strong></span> <span class='ocrx_word' id='word_1_370' title='bbox 1463 2798 1679 2874; x_wconf 71' lang='lat' dir='ltr'><strong>extravaganti·</strong></span> <span class='ocrx_word' id='word_1_371' title='bbox 1697 2797 1787 2861; x_wconf 84' lang='lat' dir='ltr'><strong>Viam</strong></span> <span class='ocrx_word' id='word_1_372' title='bbox 1796 2805 1965 2864; x_wconf 75' lang='lat' dir='ltr'><strong>coactam.</strong></span> 
     </span>
     <span class='ocr_line' id='line_1_31' title="bbox 183 2877 1969 2957; baseline 0.006 -23"><span class='ocrx_word' id='word_1_373' title='bbox 183 2879 219 2936; x_wconf 84' lang='lat' dir='ltr'><strong>cd</strong></span> <span class='ocrx_word' id='word_1_374' title='bbox 233 2881 359 2938; x_wconf 91' lang='lat' dir='ltr'><strong>centum</strong></span> <span class='ocrx_word' id='word_1_375' title='bbox 376 2891 436 2936; x_wconf 91' lang='lat' dir='ltr'><strong>non</strong></span> <span class='ocrx_word' id='word_1_376' title='bbox 464 2878 693 2954; x_wconf 82' lang='lat' dir='ltr'><strong>pervenerunt3</strong></span> <span class='ocrx_word' id='word_1_377' title='bbox 718 2879 819 2936; x_wconf 80' lang='lat' dir='ltr'><strong>icaruen</strong></span> <span class='ocrx_word' id='word_1_378' title='bbox 841 2879 1006 2940; x_wconf 87' lang='lat' dir='ltr'><strong>concilium</strong></span> <span class='ocrx_word' id='word_1_379' title='bbox 1019 2899 1051 2942; x_wconf 88' lang='lat' dir='ltr'><strong>u·</strong></span> <span class='ocrx_word' id='word_1_380' title='bbox 1096 2877 1183 2940; x_wconf 90' lang='lat' dir='ltr'><strong>titule</strong></span> <span class='ocrx_word' id='word_1_381' title='bbox 1204 2878 1244 2939; x_wconf 93' lang='lat' dir='ltr'><strong>de</strong></span> <span class='ocrx_word' id='word_1_382' title='bbox 1268 2880 1447 2954; x_wconf 79' lang='lat' dir='ltr'><strong>niujoritate,</strong></span> <span class='ocrx_word' id='word_1_383' title='bbox 1471 2886 1502 2940; x_wconf 91' lang='lat' dir='ltr'><strong>et</strong></span> <span class='ocrx_word' id='word_1_384' title='bbox 1521 2879 1707 2942; x_wconf 84' lang='lat' dir='ltr'><strong>obedientia:</strong></span> <span class='ocrx_word' id='word_1_385' title='bbox 1726 2880 1762 2943; x_wconf 84' lang='lat' dir='ltr'><strong>Si</strong></span> <span class='ocrx_word' id='word_1_386' title='bbox 1776 2883 1898 2957; x_wconf 83' lang='lat' dir='ltr'><strong>deviat,</strong></span> <span class='ocrx_word' id='word_1_387' title='bbox 1919 2884 1969 2944; x_wconf 89' lang='lat' dir='ltr'><strong>iu-</strong></span> 
     </span>
     <span class='ocr_line' id='line_1_32' title="bbox 184 2957 1970 3044; baseline 0.002 -24"><span class='ocrx_word' id='word_1_388' title='bbox 184 2958 306 3021; x_wconf 91' lang='lat' dir='ltr'><strong>mnibus</strong></span> <span class='ocrx_word' id='word_1_389' title='bbox 324 2959 470 3036; x_wconf 89' lang='lat' dir='ltr'><strong>patebat,</strong></span> <span class='ocrx_word' id='word_1_390' title='bbox 494 2964 525 3020; x_wconf 93' lang='lat' dir='ltr'><strong>et</strong></span> <span class='ocrx_word' id='word_1_391' title='bbox 549 2971 658 3018; x_wconf 79' lang='lat' dir='ltr'><strong>ornares</strong></span> <span class='ocrx_word' id='word_1_392' title='bbox 683 2957 778 3017; x_wconf 87' lang='lat' dir='ltr'><strong>receti</strong></span> <span class='ocrx_word' id='word_1_393' title='bbox 805 2957 944 3034; x_wconf 80' lang='lat' dir='ltr'><strong>interant,</strong></span> <span class='ocrx_word' id='word_1_394' title='bbox 969 2969 999 3022; x_wconf 90' lang='lat' dir='ltr'><strong>et</strong></span> <span class='ocrx_word' id='word_1_395' title='bbox 1020 2962 1051 3023; x_wconf 92' lang='lat' dir='ltr'><strong>in</strong></span> <span class='ocrx_word' id='word_1_396' title='bbox 1076 2960 1172 3040; x_wconf 7' lang='lat' dir='ltr'><strong>oqwuit,</strong></span> <span class='ocrx_word' id='word_1_397' title='bbox 1198 2965 1329 3023; x_wconf 85' lang='lat' dir='ltr'><strong>terrene</strong></span> <span class='ocrx_word' id='word_1_398' title='bbox 1351 2966 1500 3038; x_wconf 80' lang='lat' dir='ltr'><strong>potestas.</strong></span> <span class='ocrx_word' id='word_1_399' title='bbox 1524 2960 1732 3039; x_wconf 71' lang='lat' dir='ltr'><strong>iudicabitur</strong></span> <span class='ocrx_word' id='word_1_400' title='bbox 1752 2965 1779 3025; x_wconf 71' lang='lat' dir='ltr'><strong>&#39;a</strong></span> <span class='ocrx_word' id='word_1_401' title='bbox 1802 2969 1970 3044; x_wconf 83' lang='lat' dir='ltr'><strong>potestate</strong></span> 
     </span>
     <span class='ocr_line' id='line_1_33' title="bbox 182 3037 1968 3129; baseline 0.005 -28"><span class='ocrx_word' id='word_1_402' title='bbox 182 3057 219 3102; x_wconf 88' lang='lat' dir='ltr'><strong>co</strong></span> <span class='ocrx_word' id='word_1_403' title='bbox 241 3057 381 3102; x_wconf 88' lang='lat' dir='ltr'><strong>summus</strong></span> <span class='ocrx_word' id='word_1_404' title='bbox 408 3040 544 3119; x_wconf 78' lang='lat' dir='ltr'><strong>pontifex</strong></span> <span class='ocrx_word' id='word_1_405' title='bbox 566 3053 657 3100; x_wconf 84' lang='lat' dir='ltr'><strong>veros</strong></span> <span class='ocrx_word' id='word_1_406' title='bbox 690 3043 720 3098; x_wconf 87' lang='lat' dir='ltr'><strong>et</strong></span> <span class='ocrx_word' id='word_1_407' title='bbox 747 3037 937 3103; x_wconf 88' lang='lat' dir='ltr'><strong>indubitatus</strong></span> <span class='ocrx_word' id='word_1_408' title='bbox 964 3061 1050 3122; x_wconf 88' lang='lat' dir='ltr'><strong>prae·</strong></span> <span class='ocrx_word' id='word_1_409' title='bbox 1078 3038 1271 3119; x_wconf 75' lang='lat' dir='ltr'><strong>&#39;spirituali</strong></span> <span class='ocrx_word' id='word_1_410' title='bbox 1288 3043 1653 3124; x_wconf 81' lang='lat' dir='ltr'><strong>Sidoniatspirltualr&#39;s,</strong></span> <span class='ocrx_word' id='word_1_411' title='bbox 1669 3047 1968 3129; x_wconf 72' lang='lat' dir='ltr'><strong>minoremejori.</strong></span> 
     </span>
     <span class='ocr_line' id='line_1_34' title="bbox 184 3118 1968 3208; baseline 0.006 -26"><span class='ocrx_word' id='word_1_412' title='bbox 184 3123 316 3186; x_wconf 87' lang='lat' dir='ltr'><strong>sidehat.</strong></span> <span class='ocrx_word' id='word_1_413' title='bbox 345 3121 432 3198; x_wconf 86' lang='lat' dir='ltr'><strong>Quod</strong></span> <span class='ocrx_word' id='word_1_414' title='bbox 460 3129 562 3183; x_wconf 90' lang='lat' dir='ltr'><strong>antem</strong></span> <span class='ocrx_word' id='word_1_415' title='bbox 590 3137 651 3181; x_wconf 91' lang='lat' dir='ltr'><strong>non</strong></span> <span class='ocrx_word' id='word_1_416' title='bbox 677 3118 769 3182; x_wconf 89' lang='lat' dir='ltr'><strong>luerit</strong></span> <span class='ocrx_word' id='word_1_417' title='bbox 797 3133 954 3201; x_wconf 89' lang='lat' dir='ltr'><strong>receptum</strong></span> <span class='ocrx_word' id='word_1_418' title='bbox 969 3172 977 3188; x_wconf 88' lang='lat'><strong>.</strong></span> <span class='ocrx_word' id='word_1_419' title='bbox 994 3129 1054 3188; x_wconf 87' lang='lat' dir='ltr'><strong>sat·</strong></span> <span class='ocrx_word' id='word_1_420' title='bbox 1097 3125 1221 3188; x_wconf 82' lang='lat' dir='ltr'><strong>Sinera</strong></span> <span class='ocrx_word' id='word_1_421' title='bbox 1235 3139 1400 3203; x_wconf 79' lang='lat' dir='ltr'><strong>satureum,</strong></span> <span class='ocrx_word' id='word_1_422' title='bbox 1417 3127 1516 3188; x_wconf 79' lang='lat' dir='ltr'><strong>utica</strong></span> <span class='ocrx_word' id='word_1_423' title='bbox 1531 3127 1609 3201; x_wconf 88' lang='lat' dir='ltr'><strong>sele,</strong></span> <span class='ocrx_word' id='word_1_424' title='bbox 1626 3129 1968 3208; x_wconf 86' lang='lat' dir='ltr'><strong>neuabltemc&#39;mepo·</strong></span> 
     </span>
     <span class='ocr_line' id='line_1_35' title="bbox 185 3202 1964 3289; baseline 0.004 -23"><span class='ocrx_word' id='word_1_425' title='bbox 185 3207 246 3266; x_wconf 83' lang='lat' dir='ltr'><strong>rein</strong></span> <span class='ocrx_word' id='word_1_426' title='bbox 262 3207 299 3266; x_wconf 90' lang='lat' dir='ltr'><strong>ab</strong></span> <span class='ocrx_word' id='word_1_427' title='bbox 316 3204 472 3278; x_wconf 87' lang='lat' dir='ltr'><strong>erunibus.</strong></span> <span class='ocrx_word' id='word_1_428' title='bbox 486 3202 724 3280; x_wconf 86' lang='lat' dir='ltr'><strong>purumrclert,</strong></span> <span class='ocrx_word' id='word_1_429' title='bbox 751 3221 819 3265; x_wconf 90' lang='lat' dir='ltr'><strong>nam</strong></span> <span class='ocrx_word' id='word_1_430' title='bbox 844 3206 965 3269; x_wconf 88' lang='lat' dir='ltr'><strong>decreta</strong></span> <span class='ocrx_word' id='word_1_431' title='bbox 979 3225 1052 3271; x_wconf 84' lang='lat' dir='ltr'><strong>corr·</strong></span> <span class='ocrx_word' id='word_1_432' title='bbox 1096 3209 1167 3270; x_wconf 89' lang='lat' dir='ltr'><strong>terit</strong></span> <span class='ocrx_word' id='word_1_433' title='bbox 1181 3208 1342 3289; x_wconf 73' lang='lat' dir='ltr'><strong>judicari.</strong></span> <span class='ocrx_word' id='word_1_434' title='bbox 1371 3210 1502 3270; x_wconf 76' lang='lat' dir='ltr'><strong>accedat</strong></span> <span class='ocrx_word' id='word_1_435' title='bbox 1523 3209 1732 3274; x_wconf 84' lang='lat' dir='ltr'><strong>testimonium</strong></span> <span class='ocrx_word' id='word_1_436' title='bbox 1754 3229 1782 3273; x_wconf 90' lang='lat' dir='ltr'><strong>s.</strong></span> <span class='ocrx_word' id='word_1_437' title='bbox 1808 3213 1964 3275; x_wconf 86' lang='lat' dir='ltr'><strong>ttontlacti</strong></span> 
     </span>
     <span class='ocr_line' id='line_1_36' title="bbox 184 3284 1966 3373; baseline 0.006 -25"><span class='ocrx_word' id='word_1_438' title='bbox 184 3288 324 3349; x_wconf 89' lang='lat' dir='ltr'><strong>citiorum</strong></span> <span class='ocrx_word' id='word_1_439' title='bbox 353 3303 414 3348; x_wconf 93' lang='lat' dir='ltr'><strong>non</strong></span> <span class='ocrx_word' id='word_1_440' title='bbox 441 3286 582 3365; x_wconf 88' lang='lat' dir='ltr'><strong>indigent</strong></span> <span class='ocrx_word' id='word_1_441' title='bbox 610 3284 830 3362; x_wconf 74' lang='lat' dir='ltr'><strong>approbatione</strong></span> <span class='ocrx_word' id='word_1_442' title='bbox 846 3291 963 3366; x_wconf 88' lang='lat' dir='ltr'><strong>papati,</strong></span> <span class='ocrx_word' id='word_1_443' title='bbox 980 3307 1051 3354; x_wconf 89' lang='lat' dir='ltr'><strong>curn</strong></span> <span class='ocrx_word' id='word_1_444' title='bbox 1097 3292 1234 3369; x_wconf 86' lang='lat' dir='ltr'><strong>episcopi</strong></span> <span class='ocrx_word' id='word_1_445' title='bbox 1250 3291 1432 3367; x_wconf 84' lang='lat' dir='ltr'><strong>moguntini,</strong></span> <span class='ocrx_word' id='word_1_446' title='bbox 1450 3290 1503 3372; x_wconf 88' lang='lat' dir='ltr'><strong>qui</strong></span> <span class='ocrx_word' id='word_1_447' title='bbox 1519 3292 1610 3354; x_wconf 90' lang='lat' dir='ltr'><strong>etiarn</strong></span> <span class='ocrx_word' id='word_1_448' title='bbox 1621 3293 1657 3354; x_wconf 88' lang='lat' dir='ltr'><strong>si</strong></span> <span class='ocrx_word' id='word_1_449' title='bbox 1667 3311 1807 3356; x_wconf 85' lang='lat' dir='ltr'><strong>summus</strong></span> <span class='ocrx_word' id='word_1_450' title='bbox 1823 3297 1966 3373; x_wconf 78' lang='lat' dir='ltr'><strong>pontilcu</strong></span> 
     </span>
     <span class='ocr_line' id='line_1_37' title="bbox 185 3367 1968 3454; baseline 0.004 -23"><span class='ocrx_word' id='word_1_451' title='bbox 185 3371 223 3431; x_wconf 89' lang='lat' dir='ltr'><strong>ab</strong></span> <span class='ocrx_word' id='word_1_452' title='bbox 251 3385 288 3432; x_wconf 87' lang='lat' dir='ltr'><strong>cc</strong></span> <span class='ocrx_word' id='word_1_453' title='bbox 305 3385 364 3430; x_wconf 92' lang='lat' dir='ltr'><strong>uon</strong></span> <span class='ocrx_word' id='word_1_454' title='bbox 383 3369 534 3448; x_wconf 86' lang='lat' dir='ltr'><strong>accipiant</strong></span> <span class='ocrx_word' id='word_1_455' title='bbox 550 3367 773 3430; x_wconf 87' lang='lat' dir='ltr'><strong>auctoritatem.</strong></span> <span class='ocrx_word' id='word_1_456' title='bbox 785 3370 898 3432; x_wconf 71' lang='lat' dir='ltr'><strong>t&#39;crom</strong></span> <span class='ocrx_word' id='word_1_457' title='bbox 916 3381 963 3434; x_wconf 90' lang='lat' dir='ltr'><strong>cst</strong></span> <span class='ocrx_word' id='word_1_458' title='bbox 985 3378 1053 3454; x_wconf 81' lang='lat' dir='ltr'><strong>qut·</strong></span> <span class='ocrx_word' id='word_1_459' title='bbox 1097 3388 1159 3433; x_wconf 92' lang='lat' dir='ltr'><strong>non</strong></span> <span class='ocrx_word' id='word_1_460' title='bbox 1181 3373 1282 3445; x_wconf 90' lang='lat' dir='ltr'><strong>luerit,</strong></span> <span class='ocrx_word' id='word_1_461' title='bbox 1306 3375 1362 3434; x_wconf 87' lang='lat' dir='ltr'><strong>tuit</strong></span> <span class='ocrx_word' id='word_1_462' title='bbox 1377 3380 1475 3434; x_wconf 81' lang='lat' dir='ltr'><strong>tannen</strong></span> <span class='ocrx_word' id='word_1_463' title='bbox 1492 3389 1632 3436; x_wconf 87' lang='lat' dir='ltr'><strong>summae</strong></span> <span class='ocrx_word' id='word_1_464' title='bbox 1646 3378 1846 3440; x_wconf 87' lang='lat' dir='ltr'><strong>auctoritatis.</strong></span> <span class='ocrx_word' id='word_1_465' title='bbox 1869 3376 1905 3440; x_wconf 87' lang='lat' dir='ltr'><strong>is</strong></span> <span class='ocrx_word' id='word_1_466' title='bbox 1919 3397 1968 3440; x_wconf 74' lang='lat' dir='ltr'><strong>cr·-</strong></span> 
     </span>
     <span class='ocr_line' id='line_1_38' title="bbox 185 3449 1965 3540; baseline 0.004 -26"><span class='ocrx_word' id='word_1_467' title='bbox 185 3454 268 3526; x_wconf 88' lang='lat' dir='ltr'><strong>dem,</strong></span> <span class='ocrx_word' id='word_1_468' title='bbox 286 3453 407 3514; x_wconf 86' lang='lat' dir='ltr'><strong>rtecretn</strong></span> <span class='ocrx_word' id='word_1_469' title='bbox 421 3454 459 3513; x_wconf 91' lang='lat' dir='ltr'><strong>de</strong></span> <span class='ocrx_word' id='word_1_470' title='bbox 472 3451 609 3514; x_wconf 82' lang='lat' dir='ltr'><strong>acroribus</strong></span> <span class='ocrx_word' id='word_1_471' title='bbox 624 3497 641 3526; x_wconf 14' lang='lat' dir='ltr'><strong>,h</strong></span> <span class='ocrx_word' id='word_1_472' title='bbox 659 3450 686 3511; x_wconf 87' lang='lat' dir='ltr'><strong>si</strong></span> <span class='ocrx_word' id='word_1_473' title='bbox 711 3466 772 3518; x_wconf 89' lang='lat' dir='ltr'><strong>nan</strong></span> <span class='ocrx_word' id='word_1_474' title='bbox 788 3453 974 3530; x_wconf 89' lang='lat' dir='ltr'><strong>recipiantur</strong></span> <span class='ocrx_word' id='word_1_475' title='bbox 990 3503 997 3524; x_wconf 86' lang='lat'><strong>,</strong></span> <span class='ocrx_word' id='word_1_476' title='bbox 1022 3463 1053 3519; x_wconf 89' lang='lat' dir='ltr'><strong>et</strong></span> <span class='ocrx_word' id='word_1_477' title='bbox 1097 3470 1148 3534; x_wconf 86' lang='lat' dir='ltr'><strong>ge.</strong></span> <span class='ocrx_word' id='word_1_478' title='bbox 1166 3462 1198 3517; x_wconf 91' lang='lat' dir='ltr'><strong>ut</strong></span> <span class='ocrx_word' id='word_1_479' title='bbox 1212 3455 1342 3516; x_wconf 89' lang='lat' dir='ltr'><strong>babetur</strong></span> <span class='ocrx_word' id='word_1_480' title='bbox 1356 3457 1428 3518; x_wconf 88' lang='lat' dir='ltr'><strong>dist.</strong></span> <span class='ocrx_word' id='word_1_481' title='bbox 1440 3449 1492 3518; x_wconf 85' lang='lat' dir='ltr'><strong>tu.</strong></span> <span class='ocrx_word' id='word_1_482' title='bbox 1509 3457 1627 3540; x_wconf 35' lang='lat' dir='ltr'><strong>can.·Si</strong></span> <span class='ocrx_word' id='word_1_483' title='bbox 1643 3472 1736 3537; x_wconf 85' lang='lat' dir='ltr'><strong>papa:</strong></span> <span class='ocrx_word' id='word_1_484' title='bbox 1751 3452 1898 3535; x_wconf 79' lang='lat' dir='ltr'><strong>directas,</strong></span> <span class='ocrx_word' id='word_1_485' title='bbox 1911 3463 1965 3522; x_wconf 89' lang='lat' dir='ltr'><strong>iu·</strong></span> 
     </span>
     <span class='ocr_line' id='line_1_39' title="bbox 185 3535 1965 3621; baseline 0.006 -25"><span class='ocrx_word' id='word_1_486' title='bbox 185 3536 322 3613; x_wconf 81' lang='lat' dir='ltr'><strong>pontifex</strong></span> <span class='ocrx_word' id='word_1_487' title='bbox 347 3538 508 3598; x_wconf 80' lang='lat' dir='ltr'><strong>connivent</strong></span> <span class='ocrx_word' id='word_1_488' title='bbox 523 3581 531 3606; x_wconf 90' lang='lat'><strong>,</strong></span> <span class='ocrx_word' id='word_1_489' title='bbox 559 3535 684 3594; x_wconf 86' lang='lat' dir='ltr'><strong>tandem</strong></span> <span class='ocrx_word' id='word_1_490' title='bbox 709 3537 936 3599; x_wconf 89' lang='lat' dir='ltr'><strong>consuetudine</strong></span> <span class='ocrx_word' id='word_1_491' title='bbox 966 3539 1053 3600; x_wconf 89' lang='lat' dir='ltr'><strong>abre·</strong></span> <span class='ocrx_word' id='word_1_492' title='bbox 1097 3538 1173 3616; x_wconf 79' lang='lat' dir='ltr'><strong>uruit.</strong></span> <span class='ocrx_word' id='word_1_493' title='bbox 1183 3537 1406 3617; x_wconf 67' lang='lat' dir='ltr'><strong>iudicaturus,</strong></span> <span class='ocrx_word' id='word_1_494' title='bbox 1423 3555 1445 3600; x_wconf 90' lang='lat' dir='ltr'><strong>a</strong></span> <span class='ocrx_word' id='word_1_495' title='bbox 1458 3540 1589 3602; x_wconf 81' lang='lat' dir='ltr'><strong>certine</strong></span> <span class='ocrx_word' id='word_1_496' title='bbox 1606 3541 1877 3621; x_wconf 72' lang='lat' dir='ltr'><strong>estiudieendtm,</strong></span> <span class='ocrx_word' id='word_1_497' title='bbox 1890 3545 1965 3607; x_wconf 68' lang='lat' dir='ltr'><strong>atui</strong></span> 
     </span>
     <span class='ocr_line' id='line_1_40' title="bbox 183 3616 1816 3698; baseline 0.004 -20"><span class='ocrx_word' id='word_1_498' title='bbox 183 3618 270 3696; x_wconf 84' lang='lat' dir='ltr'><strong>gari:</strong></span> <span class='ocrx_word' id='word_1_499' title='bbox 294 3618 348 3679; x_wconf 91' lang='lat' dir='ltr'><strong>sed</strong></span> <span class='ocrx_word' id='word_1_500' title='bbox 374 3619 510 3679; x_wconf 89' lang='lat' dir='ltr'><strong>beenon</strong></span> <span class='ocrx_word' id='word_1_501' title='bbox 534 3616 645 3678; x_wconf 88' lang='lat' dir='ltr'><strong>accidit</strong></span> <span class='ocrx_word' id='word_1_502' title='bbox 669 3627 760 3678; x_wconf 83' lang='lat' dir='ltr'><strong>exeo</strong></span> <span class='ocrx_word' id='word_1_503' title='bbox 787 3619 870 3694; x_wconf 84' lang='lat' dir='ltr'><strong>quod</strong></span> <span class='ocrx_word' id='word_1_504' title='bbox 893 3619 1051 3697; x_wconf 73' lang='lat' dir='ltr'><strong>indigeant</strong></span> <span class='ocrx_word' id='word_1_505' title='bbox 1097 3621 1394 3698; x_wconf 71' lang='lat' dir='ltr'><strong>deprecandorum</strong></span> <span class='ocrx_word' id='word_1_506' title='bbox 1406 3620 1470 3698; x_wconf 76' lang='lat' dir='ltr'><strong>lide</strong></span> <span class='ocrx_word' id='word_1_507' title='bbox 1484 3623 1608 3684; x_wconf 80' lang='lat' dir='ltr'><strong>deniers.</strong></span> <span class='ocrx_word' id='word_1_508' title='bbox 1722 3657 1730 3670; x_wconf 52' lang='grc' dir='ltr'><em>ν</em></span> <span class='ocrx_word' id='word_1_509' title='bbox 1806 3641 1816 3654; x_wconf 72' lang='grc'><strong>“·</strong></span> 
     </span>
     <span class='ocr_line' id='line_1_41' title="bbox 181 3698 1965 3783; baseline 0.003 -21"><span class='ocrx_word' id='word_1_510' title='bbox 181 3699 290 3779; x_wconf 89' lang='lat' dir='ltr'><strong>populi</strong></span> <span class='ocrx_word' id='word_1_511' title='bbox 311 3700 554 3778; x_wconf 81' lang='lat' dir='ltr'><strong>approbatione,</strong></span> <span class='ocrx_word' id='word_1_512' title='bbox 582 3699 637 3762; x_wconf 87' lang='lat' dir='ltr'><strong>sed</strong></span> <span class='ocrx_word' id='word_1_513' title='bbox 660 3698 730 3774; x_wconf 81' lang='lat' dir='ltr'><strong>outa</strong></span> <span class='ocrx_word' id='word_1_514' title='bbox 757 3698 879 3763; x_wconf 89' lang='lat' dir='ltr'><strong>decreta</strong></span> <span class='ocrx_word' id='word_1_515' title='bbox 896 3704 1051 3767; x_wconf 88' lang='lat' dir='ltr'><strong>mutabilia</strong></span> <span class='ocrx_word' id='word_1_516' title='bbox 1137 3703 1284 3766; x_wconf 85' lang='lat' dir='ltr'><strong>Probatur</strong></span> <span class='ocrx_word' id='word_1_517' title='bbox 1309 3710 1417 3781; x_wconf 88' lang='lat' dir='ltr'><strong>quarte</strong></span> <span class='ocrx_word' id='word_1_518' title='bbox 1445 3719 1482 3766; x_wconf 86' lang='lat' dir='ltr'><strong>ex</strong></span> <span class='ocrx_word' id='word_1_519' title='bbox 1503 3705 1762 3783; x_wconf 87' lang='lat' dir='ltr'><strong>appellationibus</strong></span> <span class='ocrx_word' id='word_1_520' title='bbox 1784 3723 1800 3768; x_wconf 93' lang='lat' dir='ltr'><strong>a</strong></span> <span class='ocrx_word' id='word_1_521' title='bbox 1822 3707 1965 3772; x_wconf 84' lang='lat' dir='ltr'><strong>concilio</strong></span> 
     </span>
     <span class='ocr_line' id='line_1_42' title="bbox 181 3778 1965 3871; baseline 0.006 -28"><span class='ocrx_word' id='word_1_522' title='bbox 181 3788 282 3860; x_wconf 81' lang='lat' dir='ltr'><strong>sunt3</strong></span> <span class='ocrx_word' id='word_1_523' title='bbox 309 3790 339 3844; x_wconf 93' lang='lat' dir='ltr'><strong>et</strong></span> <span class='ocrx_word' id='word_1_524' title='bbox 365 3799 435 3844; x_wconf 90' lang='lat' dir='ltr'><strong>cum</strong></span> <span class='ocrx_word' id='word_1_525' title='bbox 463 3781 599 3862; x_wconf 83' lang='lat' dir='ltr'><strong>pontiicx</strong></span> <span class='ocrx_word' id='word_1_526' title='bbox 626 3778 710 3842; x_wconf 79' lang='lat' dir='ltr'><strong>uidet</strong></span> <span class='ocrx_word' id='word_1_527' title='bbox 725 3782 823 3862; x_wconf 89' lang='lat' dir='ltr'><strong>lengo</strong></span> <span class='ocrx_word' id='word_1_528' title='bbox 852 3789 990 3864; x_wconf 89' lang='lat' dir='ltr'><strong>tempore</strong></span> <span class='ocrx_word' id='word_1_529' title='bbox 1015 3801 1051 3848; x_wconf 87' lang='lat' dir='ltr'><strong>ea</strong></span> <span class='ocrx_word' id='word_1_530' title='bbox 1096 3784 1133 3848; x_wconf 88' lang='lat' dir='ltr'><strong>ad</strong></span> <span class='ocrx_word' id='word_1_531' title='bbox 1150 3798 1271 3864; x_wconf 81' lang='lat' dir='ltr'><strong>papam3</strong></span> <span class='ocrx_word' id='word_1_532' title='bbox 1287 3785 1355 3848; x_wconf 92' lang='lat' dir='ltr'><strong>stne</strong></span> <span class='ocrx_word' id='word_1_533' title='bbox 1371 3787 1578 3848; x_wconf 84' lang='lat' dir='ltr'><strong>controversia</strong></span> <span class='ocrx_word' id='word_1_534' title='bbox 1595 3790 1677 3851; x_wconf 87' lang='lat' dir='ltr'><strong>enirn</strong></span> <span class='ocrx_word' id='word_1_535' title='bbox 1691 3805 1846 3871; x_wconf 83' lang='lat' dir='ltr'><strong>sempera</strong></span> <span class='ocrx_word' id='word_1_536' title='bbox 1860 3793 1965 3854; x_wconf 88' lang='lat' dir='ltr'><strong>mine·</strong></span> 
     </span>
     <span class='ocr_line' id='line_1_43' title="bbox 182 3863 1963 3949; baseline 0.004 -23"><span class='ocrx_word' id='word_1_537' title='bbox 182 3881 245 3927; x_wconf 92' lang='lat' dir='ltr'><strong>nen</strong></span> <span class='ocrx_word' id='word_1_538' title='bbox 267 3865 399 3941; x_wconf 87' lang='lat' dir='ltr'><strong>serrari,</strong></span> <span class='ocrx_word' id='word_1_539' title='bbox 416 3871 447 3927; x_wconf 87' lang='lat' dir='ltr'><strong>et</strong></span> <span class='ocrx_word' id='word_1_540' title='bbox 460 3871 561 3934; x_wconf 91' lang='lat' dir='ltr'><strong>tacet,</strong></span> <span class='ocrx_word' id='word_1_541' title='bbox 589 3869 733 3925; x_wconf 91' lang='lat' dir='ltr'><strong>censetur</strong></span> <span class='ocrx_word' id='word_1_542' title='bbox 747 3863 815 3943; x_wconf 91' lang='lat' dir='ltr'><strong>ipse</strong></span> <span class='ocrx_word' id='word_1_543' title='bbox 840 3865 999 3946; x_wconf 90' lang='lat' dir='ltr'><strong>abrogare.</strong></span> <span class='ocrx_word' id='word_1_544' title='bbox 1017 3869 1052 3930; x_wconf 85' lang='lat' dir='ltr'><strong>tt</strong></span> <span class='ocrx_word' id='word_1_545' title='bbox 1095 3883 1129 3929; x_wconf 91' lang='lat' dir='ltr'><strong>re</strong></span> <span class='ocrx_word' id='word_1_546' title='bbox 1144 3869 1181 3930; x_wconf 90' lang='lat' dir='ltr'><strong>ad</strong></span> <span class='ocrx_word' id='word_1_547' title='bbox 1198 3867 1344 3947; x_wconf 80' lang='lat' dir='ltr'><strong>majorem</strong></span> <span class='ocrx_word' id='word_1_548' title='bbox 1360 3868 1543 3946; x_wconf 90' lang='lat' dir='ltr'><strong>appellatur.</strong></span> <span class='ocrx_word' id='word_1_549' title='bbox 1559 3868 1715 3949; x_wconf 80' lang='lat' dir='ltr'><strong>Appellari</strong></span> <span class='ocrx_word' id='word_1_550' title='bbox 1730 3877 1835 3936; x_wconf 88' lang='lat' dir='ltr'><strong>nutem</strong></span> <span class='ocrx_word' id='word_1_551' title='bbox 1850 3889 1867 3933; x_wconf 90' lang='lat' dir='ltr'><strong>a</strong></span> <span class='ocrx_word' id='word_1_552' title='bbox 1883 3889 1963 3936; x_wconf 21' lang='lat' dir='ltr'><strong>*con-</strong></span> 
     </span>
     <span class='ocr_line' id='line_1_44' title="bbox 183 3945 1963 4032; baseline 0.004 -23"><span class='ocrx_word' id='word_1_553' title='bbox 183 3949 307 4011; x_wconf 89' lang='lat' dir='ltr'><strong>decrcta</strong></span> <span class='ocrx_word' id='word_1_554' title='bbox 333 3948 372 4009; x_wconf 94' lang='lat' dir='ltr'><strong>de</strong></span> <span class='ocrx_word' id='word_1_555' title='bbox 400 3946 462 4009; x_wconf 91' lang='lat' dir='ltr'><strong>llde</strong></span> <span class='ocrx_word' id='word_1_556' title='bbox 490 3945 689 4010; x_wconf 87' lang='lat' dir='ltr'><strong>immutabilia</strong></span> <span class='ocrx_word' id='word_1_557' title='bbox 707 3953 813 4022; x_wconf 89' lang='lat' dir='ltr'><strong>sunt,</strong></span> <span class='ocrx_word' id='word_1_558' title='bbox 841 3963 900 4010; x_wconf 91' lang='lat' dir='ltr'><strong>nec</strong></span> <span class='ocrx_word' id='word_1_559' title='bbox 923 3960 1052 4028; x_wconf 90' lang='lat' dir='ltr'><strong>possunt</strong></span> <span class='ocrx_word' id='word_1_560' title='bbox 1096 3951 1168 4011; x_wconf 90' lang='lat' dir='ltr'><strong>citio</strong></span> <span class='ocrx_word' id='word_1_561' title='bbox 1190 3952 1226 4012; x_wconf 92' lang='lat' dir='ltr'><strong>ad</strong></span> <span class='ocrx_word' id='word_1_562' title='bbox 1249 3965 1369 4028; x_wconf 88' lang='lat' dir='ltr'><strong>papam,</strong></span> <span class='ocrx_word' id='word_1_563' title='bbox 1394 3965 1455 4012; x_wconf 92' lang='lat' dir='ltr'><strong>non</strong></span> <span class='ocrx_word' id='word_1_564' title='bbox 1478 3958 1595 4028; x_wconf 86' lang='lat' dir='ltr'><strong>centra,</strong></span> <span class='ocrx_word' id='word_1_565' title='bbox 1621 3954 1822 4032; x_wconf 87' lang='lat' dir='ltr'><strong>perspicuam</strong></span> <span class='ocrx_word' id='word_1_566' title='bbox 1844 3963 1904 4022; x_wconf 84' lang='lat' dir='ltr'><strong>est.</strong></span> <span class='ocrx_word' id='word_1_567' title='bbox 1923 3973 1963 4017; x_wconf 79' lang='lat' dir='ltr'><strong>cn</strong></span> 
     </span>
     <span class='ocr_line' id='line_1_45' title="bbox 182 4030 1961 4112; baseline 0.004 -20"><span class='ocrx_word' id='word_1_568' title='bbox 182 4031 247 4094; x_wconf 92' lang='lat' dir='ltr'><strong>ullo</strong></span> <span class='ocrx_word' id='word_1_569' title='bbox 281 4030 371 4092; x_wconf 90' lang='lat' dir='ltr'><strong>modo</strong></span> <span class='ocrx_word' id='word_1_570' title='bbox 397 4031 562 4108; x_wconf 87' lang='lat' dir='ltr'><strong>abrogari,</strong></span> <span class='ocrx_word' id='word_1_571' title='bbox 585 4036 789 4109; x_wconf 88' lang='lat' dir='ltr'><strong>posteaquam</strong></span> <span class='ocrx_word' id='word_1_572' title='bbox 818 4031 915 4092; x_wconf 90' lang='lat' dir='ltr'><strong>semel</strong></span> <span class='ocrx_word' id='word_1_573' title='bbox 940 4039 1050 4096; x_wconf 91' lang='lat' dir='ltr'><strong>statuta</strong></span> <span class='ocrx_word' id='word_1_574' title='bbox 1097 4032 1217 4112; x_wconf 84' lang='lat' dir='ltr'><strong>Gelasio</strong></span> <span class='ocrx_word' id='word_1_575' title='bbox 1239 4033 1270 4092; x_wconf 91' lang='lat' dir='ltr'><strong>in</strong></span> <span class='ocrx_word' id='word_1_576' title='bbox 1293 4034 1385 4110; x_wconf 86' lang='lat' dir='ltr'><strong>epist.</strong></span> <span class='ocrx_word' id='word_1_577' title='bbox 1407 4034 1443 4093; x_wconf 88' lang='lat' dir='ltr'><strong>ad</strong></span> <span class='ocrx_word' id='word_1_578' title='bbox 1467 4035 1633 4112; x_wconf 89' lang='lat' dir='ltr'><strong>episcopos</strong></span> <span class='ocrx_word' id='word_1_579' title='bbox 1645 4034 1827 4100; x_wconf 86' lang='lat' dir='ltr'><strong>Dardaniae:</strong></span> <span class='ocrx_word' id='word_1_580' title='bbox 1844 4037 1896 4100; x_wconf 80' lang='lat' dir='ltr'><strong>Act</strong></span> <span class='ocrx_word' id='word_1_581' title='bbox 1910 4053 1961 4100; x_wconf 91' lang='lat' dir='ltr'><strong>se·</strong></span> 
     </span>
     <span class='ocr_line' id='line_1_46' title="bbox 182 4111 1964 4198; baseline 0.004 -25"><span class='ocrx_word' id='word_1_582' title='bbox 182 4118 255 4174; x_wconf 92' lang='lat' dir='ltr'><strong>sunt</strong></span> <span class='ocrx_word' id='word_1_583' title='bbox 268 4130 277 4190; x_wconf 85' lang='lat'><em>3</em></span> <span class='ocrx_word' id='word_1_584' title='bbox 292 4113 353 4175; x_wconf 88' lang='lat' dir='ltr'><strong>tale</strong></span> <span class='ocrx_word' id='word_1_585' title='bbox 369 4121 470 4174; x_wconf 88' lang='lat' dir='ltr'><strong>autern</strong></span> <span class='ocrx_word' id='word_1_586' title='bbox 483 4119 529 4188; x_wconf 86' lang='lat' dir='ltr'><strong>est</strong></span> <span class='ocrx_word' id='word_1_587' title='bbox 544 4112 626 4184; x_wconf 87' lang='lat' dir='ltr'><strong>hoc,</strong></span> <span class='ocrx_word' id='word_1_588' title='bbox 654 4111 694 4172; x_wconf 89' lang='lat' dir='ltr'><strong>de</strong></span> <span class='ocrx_word' id='word_1_589' title='bbox 719 4127 780 4189; x_wconf 82' lang='lat' dir='ltr'><strong>que</strong></span> <span class='ocrx_word' id='word_1_590' title='bbox 806 4113 937 4190; x_wconf 88' lang='lat' dir='ltr'><strong>agimus.</strong></span> <span class='ocrx_word' id='word_1_591' title='bbox 964 4114 1051 4189; x_wconf 88' lang='lat' dir='ltr'><strong>Quod</strong></span> <span class='ocrx_word' id='word_1_592' title='bbox 1097 4116 1181 4186; x_wconf 87' lang='lat' dir='ltr'><strong>dem,</strong></span> <span class='ocrx_word' id='word_1_593' title='bbox 1195 4115 1303 4191; x_wconf 83' lang='lat' dir='ltr'><strong>innuit,</strong></span> <span class='ocrx_word' id='word_1_594' title='bbox 1316 4116 1528 4192; x_wconf 81' lang='lat' dir='ltr'><strong>apostolieum</strong></span> <span class='ocrx_word' id='word_1_595' title='bbox 1546 4117 1586 4179; x_wconf 91' lang='lat' dir='ltr'><strong>dc</strong></span> <span class='ocrx_word' id='word_1_596' title='bbox 1597 4118 1964 4198; x_wconf 76' lang='lat' dir='ltr'><strong>pacatitetmuoutpor-</strong></span> 
     </span>
     <span class='ocr_line' id='line_1_47' title="bbox 181 4192 1964 4283; baseline 0.004 -27"><span class='ocrx_word' id='word_1_597' title='bbox 181 4211 254 4257; x_wconf 88' lang='lat' dir='ltr'><strong>rere</strong></span> <span class='ocrx_word' id='word_1_598' title='bbox 275 4196 441 4258; x_wconf 88' lang='lat' dir='ltr'><strong>concilium</strong></span> <span class='ocrx_word' id='word_1_599' title='bbox 458 4197 516 4257; x_wconf 86' lang='lat' dir='ltr'><strong>troc</strong></span> <span class='ocrx_word' id='word_1_600' title='bbox 527 4211 593 4256; x_wconf 85' lang='lat' dir='ltr'><strong>reru</strong></span> <span class='ocrx_word' id='word_1_601' title='bbox 617 4196 704 4256; x_wconf 90' lang='lat' dir='ltr'><strong>istarn</strong></span> <span class='ocrx_word' id='word_1_602' title='bbox 720 4209 781 4254; x_wconf 92' lang='lat' dir='ltr'><strong>non</strong></span> <span class='ocrx_word' id='word_1_603' title='bbox 797 4192 960 4272; x_wconf 86' lang='lat' dir='ltr'><strong>definierit,</strong></span> <span class='ocrx_word' id='word_1_604' title='bbox 980 4213 1049 4277; x_wconf 91' lang='lat' dir='ltr'><strong>pro·</strong></span> <span class='ocrx_word' id='word_1_605' title='bbox 1097 4201 1126 4258; x_wconf 91' lang='lat' dir='ltr'><strong>te</strong></span> <span class='ocrx_word' id='word_1_606' title='bbox 1148 4195 1383 4276; x_wconf 80' lang='lat' dir='ltr'><strong>appellandum</strong></span> <span class='ocrx_word' id='word_1_607' title='bbox 1405 4203 1459 4273; x_wconf 87' lang='lat' dir='ltr'><strong>est,</strong></span> <span class='ocrx_word' id='word_1_608' title='bbox 1476 4198 1517 4261; x_wconf 88' lang='lat' dir='ltr'><strong>ub</strong></span> <span class='ocrx_word' id='word_1_609' title='bbox 1531 4200 1592 4262; x_wconf 88' lang='lat' dir='ltr'><strong>uto</strong></span> <span class='ocrx_word' id='word_1_610' title='bbox 1604 4208 1715 4266; x_wconf 89' lang='lat' dir='ltr'><strong>eutem</strong></span> <span class='ocrx_word' id='word_1_611' title='bbox 1727 4217 1824 4266; x_wconf 89' lang='lat' dir='ltr'><strong>nemo</strong></span> <span class='ocrx_word' id='word_1_612' title='bbox 1839 4210 1885 4265; x_wconf 83' lang='lat' dir='ltr'><strong>est</strong></span> <span class='ocrx_word' id='word_1_613' title='bbox 1902 4220 1964 4283; x_wconf 83' lang='lat' dir='ltr'><strong>ep·</strong></span> 
     </span>
     <span class='ocr_line' id='line_1_48' title="bbox 182 4275 1417 4358; baseline 0.004 -21"><span class='ocrx_word' id='word_1_614' title='bbox 182 4279 271 4355; x_wconf 88' lang='lat' dir='ltr'><strong>prie‚</strong></span> <span class='ocrx_word' id='word_1_615' title='bbox 298 4283 332 4339; x_wconf 89' lang='lat' dir='ltr'><strong>ut</strong></span> <span class='ocrx_word' id='word_1_616' title='bbox 346 4277 505 4340; x_wconf 90' lang='lat' dir='ltr'><strong>decretum</strong></span> <span class='ocrx_word' id='word_1_617' title='bbox 520 4278 580 4340; x_wconf 81' lang='lat' dir='ltr'><strong>Ede</strong></span> <span class='ocrx_word' id='word_1_618' title='bbox 603 4275 753 4339; x_wconf 84' lang='lat' dir='ltr'><strong>carnatico</strong></span> <span class='ocrx_word' id='word_1_619' title='bbox 779 4277 970 4351; x_wconf 90' lang='lat' dir='ltr'><strong>tenendum,</strong></span> <span class='ocrx_word' id='word_1_620' title='bbox 994 4281 1051 4343; x_wconf 92' lang='lat' dir='ltr'><strong>du·</strong></span> <span class='ocrx_word' id='word_1_621' title='bbox 1094 4279 1218 4358; x_wconf 82' lang='lat' dir='ltr'><strong>pellere</strong></span> <span class='ocrx_word' id='word_1_622' title='bbox 1231 4280 1417 4357; x_wconf 67' lang='lat' dir='ltr'><strong>aemuleris.</strong></span> 
     </span>
     <span class='ocr_line' id='line_1_49' title="bbox 182 4358 1966 4445; baseline 0.004 -24"><span class='ocrx_word' id='word_1_623' title='bbox 182 4360 268 4421; x_wconf 88' lang='lat' dir='ltr'><strong>biorn</strong></span> <span class='ocrx_word' id='word_1_624' title='bbox 292 4367 351 4434; x_wconf 88' lang='lat' dir='ltr'><strong>cst,</strong></span> <span class='ocrx_word' id='word_1_625' title='bbox 369 4367 399 4422; x_wconf 93' lang='lat' dir='ltr'><strong>et</strong></span> <span class='ocrx_word' id='word_1_626' title='bbox 415 4358 485 4422; x_wconf 87' lang='lat' dir='ltr'><strong>ideo</strong></span> <span class='ocrx_word' id='word_1_627' title='bbox 502 4377 561 4420; x_wconf 92' lang='lat' dir='ltr'><strong>nou</strong></span> <span class='ocrx_word' id='word_1_628' title='bbox 587 4364 660 4422; x_wconf 89' lang='lat' dir='ltr'><strong>sunt</strong></span> <span class='ocrx_word' id='word_1_629' title='bbox 675 4358 797 4437; x_wconf 89' lang='lat' dir='ltr'><strong>proprie</strong></span> <span class='ocrx_word' id='word_1_630' title='bbox 813 4358 958 4421; x_wconf 82' lang='lat' dir='ltr'><strong>haeretici</strong></span> <span class='ocrx_word' id='word_1_631' title='bbox 973 4407 981 4436; x_wconf 92' lang='lat'><strong>,</strong></span> <span class='ocrx_word' id='word_1_632' title='bbox 998 4364 1051 4442; x_wconf 86' lang='lat' dir='ltr'><strong>qni</strong></span> <span class='ocrx_word' id='word_1_633' title='bbox 1137 4360 1228 4424; x_wconf 87' lang='lat' dir='ltr'><strong>Eine</strong></span> <span class='ocrx_word' id='word_1_634' title='bbox 1244 4367 1385 4439; x_wconf 89' lang='lat' dir='ltr'><strong>putemus</strong></span> <span class='ocrx_word' id='word_1_635' title='bbox 1400 4378 1470 4424; x_wconf 88' lang='lat' dir='ltr'><strong>eum</strong></span> <span class='ocrx_word' id='word_1_636' title='bbox 1483 4363 1567 4444; x_wconf 76' lang='lat' dir='ltr'><strong>loqui</strong></span> <span class='ocrx_word' id='word_1_637' title='bbox 1580 4363 1839 4445; x_wconf 87' lang='lat' dir='ltr'><strong>deappcliatioue</strong></span> <span class='ocrx_word' id='word_1_638' title='bbox 1852 4365 1893 4428; x_wconf 85' lang='lat' dir='ltr'><strong>ab</strong></span> <span class='ocrx_word' id='word_1_639' title='bbox 1906 4367 1966 4429; x_wconf 56' lang='lat' dir='ltr'><strong>otta</strong></span> 
     </span>
     <span class='ocr_line' id='line_1_50' title="bbox 184 4440 1964 4528; baseline 0.006 -26"><span class='ocrx_word' id='word_1_640' title='bbox 184 4440 371 4503; x_wconf 90' lang='lat' dir='ltr'><strong>contrarium</strong></span> <span class='ocrx_word' id='word_1_641' title='bbox 387 4444 537 4518; x_wconf 90' lang='lat' dir='ltr'><strong>sentiunt,</strong></span> <span class='ocrx_word' id='word_1_642' title='bbox 553 4441 823 4506; x_wconf 86' lang='lat' dir='ltr'><strong>sede—temeritate</strong></span> <span class='ocrx_word' id='word_1_643' title='bbox 839 4458 946 4523; x_wconf 90' lang='lat' dir='ltr'><strong>magna</strong></span> <span class='ocrx_word' id='word_1_644' title='bbox 962 4459 1053 4508; x_wconf 84' lang='lat' dir='ltr'><strong>enen·</strong></span> <span class='ocrx_word' id='word_1_645' title='bbox 1098 4460 1160 4524; x_wconf 76' lang='lat' dir='ltr'><strong>quar</strong></span> <span class='ocrx_word' id='word_1_646' title='bbox 1184 4444 1343 4524; x_wconf 88' lang='lat' dir='ltr'><strong>episeopo.</strong></span> <span class='ocrx_word' id='word_1_647' title='bbox 1365 4461 1427 4507; x_wconf 92' lang='lat' dir='ltr'><strong>non</strong></span> <span class='ocrx_word' id='word_1_648' title='bbox 1451 4463 1466 4505; x_wconf 89' lang='lat' dir='ltr'><strong>a</strong></span> <span class='ocrx_word' id='word_1_649' title='bbox 1490 4447 1635 4510; x_wconf 80' lang='lat' dir='ltr'><strong>eoncittoa</strong></span> <span class='ocrx_word' id='word_1_650' title='bbox 1657 4448 1773 4519; x_wconf 83' lang='lat' dir='ltr'><strong>subdit,</strong></span> <span class='ocrx_word' id='word_1_651' title='bbox 1795 4465 1893 4528; x_wconf 89' lang='lat' dir='ltr'><strong>saepe</strong></span> <span class='ocrx_word' id='word_1_652' title='bbox 1913 4465 1964 4512; x_wconf 92' lang='lat' dir='ltr'><strong>ru·</strong></span> 
     </span>
     <span class='ocr_line' id='line_1_51' title="bbox 183 4524 1966 4612; baseline 0.004 -25"><span class='ocrx_word' id='word_1_653' title='bbox 183 4524 244 4587; x_wconf 87' lang='lat' dir='ltr'><strong>sari</strong></span> <span class='ocrx_word' id='word_1_654' title='bbox 262 4539 324 4585; x_wconf 90' lang='lat' dir='ltr'><strong>non</strong></span> <span class='ocrx_word' id='word_1_655' title='bbox 340 4529 484 4602; x_wconf 87' lang='lat' dir='ltr'><strong>possunt.</strong></span> <span class='ocrx_word' id='word_1_656' title='bbox 1100 4543 1207 4588; x_wconf 80' lang='lat' dir='ltr'><strong>inanes</strong></span> <span class='ocrx_word' id='word_1_657' title='bbox 1233 4526 1394 4604; x_wconf 78' lang='lat' dir='ltr'><strong>pontifices</strong></span> <span class='ocrx_word' id='word_1_658' title='bbox 1410 4528 1540 4591; x_wconf 83' lang='lat' dir='ltr'><strong>solvisse</strong></span> <span class='ocrx_word' id='word_1_659' title='bbox 1556 4543 1622 4605; x_wconf 76' lang='lat' dir='ltr'><strong>ene,</strong></span> <span class='ocrx_word' id='word_1_660' title='bbox 1639 4547 1718 4610; x_wconf 88' lang='lat' dir='ltr'><strong>quos</strong></span> <span class='ocrx_word' id='word_1_661' title='bbox 1733 4531 1840 4612; x_wconf 80' lang='lat' dir='ltr'><strong>inique</strong></span> <span class='ocrx_word' id='word_1_662' title='bbox 1857 4533 1966 4594; x_wconf 88' lang='lat' dir='ltr'><strong>conci·</strong></span> 
     </span>
     <span class='ocr_line' id='line_1_52' title="bbox 225 4602 1965 4692; baseline 0.005 -24"><span class='ocrx_word' id='word_1_663' title='bbox 225 4605 455 4687; x_wconf 73' lang='lat' dir='ltr'><strong>decedentium</strong></span> <span class='ocrx_word' id='word_1_664' title='bbox 472 4607 560 4667; x_wconf 88' lang='lat' dir='ltr'><strong>tertio</strong></span> <span class='ocrx_word' id='word_1_665' title='bbox 576 4604 749 4682; x_wconf 79' lang='lat' dir='ltr'><strong>pontifices</strong></span> <span class='ocrx_word' id='word_1_666' title='bbox 765 4602 827 4668; x_wconf 89' lang='lat' dir='ltr'><strong>Leo</strong></span> <span class='ocrx_word' id='word_1_667' title='bbox 843 4606 933 4685; x_wconf 89' lang='lat' dir='ltr'><strong>epist.</strong></span> <span class='ocrx_word' id='word_1_668' title='bbox 947 4605 998 4670; x_wconf 77' lang='lat' dir='ltr'><strong>Si.</strong></span> <span class='ocrx_word' id='word_1_669' title='bbox 1015 4609 1053 4672; x_wconf 89' lang='lat' dir='ltr'><strong>ad</strong></span> <span class='ocrx_word' id='word_1_670' title='bbox 1098 4609 1139 4670; x_wconf 84' lang='lat' dir='ltr'><strong>tia</strong></span> <span class='ocrx_word' id='word_1_671' title='bbox 1160 4609 1339 4688; x_wconf 80' lang='lat' dir='ltr'><strong>ligaverau13</strong></span> <span class='ocrx_word' id='word_1_672' title='bbox 1362 4611 1452 4685; x_wconf 79' lang='lat' dir='ltr'><strong>cuius</strong></span> <span class='ocrx_word' id='word_1_673' title='bbox 1473 4612 1518 4673; x_wconf 88' lang='lat' dir='ltr'><strong>rei</strong></span> <span class='ocrx_word' id='word_1_674' title='bbox 1540 4618 1660 4674; x_wconf 84' lang='lat' dir='ltr'><strong>exstant</strong></span> <span class='ocrx_word' id='word_1_675' title='bbox 1671 4615 1812 4692; x_wconf 86' lang='lat' dir='ltr'><strong>exempla</strong></span> <span class='ocrx_word' id='word_1_676' title='bbox 1826 4614 1965 4677; x_wconf 88' lang='lat' dir='ltr'><strong>clarissi-</strong></span> 
     </span>
     <span class='ocr_line' id='line_1_53' title="bbox 183 4687 1967 4774; baseline 0.003 -22"><span class='ocrx_word' id='word_1_677' title='bbox 183 4689 389 4760; x_wconf 84' lang='lat' dir='ltr'><strong>Annstusium,</strong></span> <span class='ocrx_word' id='word_1_678' title='bbox 405 4692 437 4749; x_wconf 89' lang='lat' dir='ltr'><strong>in</strong></span> <span class='ocrx_word' id='word_1_679' title='bbox 450 4688 526 4750; x_wconf 81' lang='lat' dir='ltr'><strong>sinc:</strong></span> <span class='ocrx_word' id='word_1_680' title='bbox 537 4689 666 4768; x_wconf 80' lang='lat' dir='ltr'><strong>Magne,</strong></span> <span class='ocrx_word' id='word_1_681' title='bbox 682 4689 790 4765; x_wconf 80' lang='lat' dir='ltr'><strong>inoriit.</strong></span> <span class='ocrx_word' id='word_1_682' title='bbox 803 4688 862 4751; x_wconf 88' lang='lat' dir='ltr'><strong>Dei</strong></span> <span class='ocrx_word' id='word_1_683' title='bbox 873 4691 1054 4770; x_wconf 82' lang='lat' dir='ltr'><strong>dispositio·</strong></span> <span class='ocrx_word' id='word_1_684' title='bbox 1097 4707 1159 4752; x_wconf 77' lang='lat' dir='ltr'><strong>mar.</strong></span> <span class='ocrx_word' id='word_1_685' title='bbox 1188 4687 1261 4753; x_wconf 80' lang='lat' dir='ltr'><strong>Natu</strong></span> <span class='ocrx_word' id='word_1_686' title='bbox 1284 4692 1466 4756; x_wconf 74' lang='lat' dir='ltr'><strong>athanasius</strong></span> <span class='ocrx_word' id='word_1_687' title='bbox 1486 4694 1652 4774; x_wconf 87' lang='lat' dir='ltr'><strong>episeopus</strong></span> <span class='ocrx_word' id='word_1_688' title='bbox 1676 4697 1906 4771; x_wconf 78' lang='lat' dir='ltr'><strong>alexandrinae,</strong></span> <span class='ocrx_word' id='word_1_689' title='bbox 1932 4705 1967 4760; x_wconf 90' lang='lat' dir='ltr'><strong>et</strong></span> 
     </span>
     <span class='ocr_line' id='line_1_54' title="bbox 183 4771 1967 4855; baseline 0.003 -21"><span class='ocrx_word' id='word_1_690' title='bbox 183 4790 225 4834; x_wconf 88' lang='lat' dir='ltr'><strong>ue</strong></span> <span class='ocrx_word' id='word_1_691' title='bbox 238 4773 407 4850; x_wconf 83' lang='lat' dir='ltr'><strong>prouisum</strong></span> <span class='ocrx_word' id='word_1_692' title='bbox 421 4776 477 4842; x_wconf 88' lang='lat' dir='ltr'><strong>est,</strong></span> <span class='ocrx_word' id='word_1_693' title='bbox 493 4787 536 4834; x_wconf 87' lang='lat' dir='ltr'><strong>ne</strong></span> <span class='ocrx_word' id='word_1_694' title='bbox 558 4783 669 4832; x_wconf 87' lang='lat' dir='ltr'><strong>omues</strong></span> <span class='ocrx_word' id='word_1_695' title='bbox 691 4771 878 4834; x_wconf 86' lang='lat' dir='ltr'><strong>sibiemm&#39;a</strong></span> <span class='ocrx_word' id='word_1_696' title='bbox 897 4775 1049 4836; x_wconf 87' lang='lat' dir='ltr'><strong>ccndtcu·</strong></span> <span class='ocrx_word' id='word_1_697' title='bbox 1098 4774 1209 4852; x_wconf 77' lang='lat' dir='ltr'><strong>Patulus</strong></span> <span class='ocrx_word' id='word_1_698' title='bbox 1228 4774 1395 4855; x_wconf 89' lang='lat' dir='ltr'><strong>episcopus</strong></span> <span class='ocrx_word' id='word_1_699' title='bbox 1410 4775 1806 4854; x_wconf 55' lang='lat' dir='ltr'><strong>constantinopolitaneae</strong></span> <span class='ocrx_word' id='word_1_700' title='bbox 1825 4780 1967 4842; x_wconf 79' lang='lat' dir='ltr'><strong>coemtio</strong></span> 
     </span>
     <span class='ocr_line' id='line_1_55' title="bbox 181 4853 1967 4938; baseline 0.002 -22"><span class='ocrx_word' id='word_1_701' title='bbox 181 4862 275 4927; x_wconf 85' lang='lat' dir='ltr'><strong>rent,</strong></span> <span class='ocrx_word' id='word_1_702' title='bbox 299 4857 357 4917; x_wconf 88' lang='lat' dir='ltr'><strong>scd</strong></span> <span class='ocrx_word' id='word_1_703' title='bbox 373 4857 476 4917; x_wconf 87' lang='lat' dir='ltr'><strong>esseni</strong></span> <span class='ocrx_word' id='word_1_704' title='bbox 486 4871 524 4916; x_wconf 89' lang='lat' dir='ltr'><strong>m</strong></span> <span class='ocrx_word' id='word_1_705' title='bbox 538 4853 677 4931; x_wconf 77' lang='lat' dir='ltr'><strong>stragulis</strong></span> <span class='ocrx_word' id='word_1_706' title='bbox 690 4855 874 4932; x_wconf 86' lang='lat' dir='ltr'><strong>prouinciis</strong></span> <span class='ocrx_word' id='word_1_707' title='bbox 900 4857 1025 4935; x_wconf 82' lang='lat' dir='ltr'><strong>stupuit</strong></span> <span class='ocrx_word' id='word_1_708' title='bbox 1040 4904 1048 4933; x_wconf 92' lang='lat'><strong>‚</strong></span> <span class='ocrx_word' id='word_1_709' title='bbox 1098 4856 1297 4934; x_wconf 75' lang='lat' dir='ltr'><strong>depositae</strong></span> <span class='ocrx_word' id='word_1_710' title='bbox 1312 4855 1425 4918; x_wconf 86' lang='lat' dir='ltr'><strong>tottam</strong></span> <span class='ocrx_word' id='word_1_711' title='bbox 1440 4874 1551 4937; x_wconf 88' lang='lat' dir='ltr'><strong>papam</strong></span> <span class='ocrx_word' id='word_1_712' title='bbox 1565 4861 1810 4938; x_wconf 75' lang='lat' dir='ltr'><strong>appellaverunt,</strong></span> <span class='ocrx_word' id='word_1_713' title='bbox 1826 4868 1857 4922; x_wconf 91' lang='lat' dir='ltr'><strong>et</strong></span> <span class='ocrx_word' id='word_1_714' title='bbox 1872 4861 1913 4923; x_wconf 89' lang='lat' dir='ltr'><strong>ab</strong></span> <span class='ocrx_word' id='word_1_715' title='bbox 1926 4878 1967 4923; x_wconf 87' lang='lat' dir='ltr'><strong>eo</strong></span> 
     </span>
     <span class='ocr_line' id='line_1_56' title="bbox 183 4935 1968 5015; baseline 0.006 -19"><span class='ocrx_word' id='word_1_716' title='bbox 183 4951 324 5014; x_wconf 79' lang='lat' dir='ltr'><strong>proceram</strong></span> <span class='ocrx_word' id='word_1_717' title='bbox 335 4937 550 5015; x_wconf 71' lang='lat' dir='ltr'><strong>trctcrlrotccs</strong></span> <span class='ocrx_word' id='word_1_718' title='bbox 563 4935 737 4998; x_wconf 82' lang='lat' dir='ltr'><strong>traheretur</strong></span> <span class='ocrx_word' id='word_1_719' title='bbox 748 4936 1051 5015; x_wconf 79' lang='lat' dir='ltr'><strong>prirrceseeterctie,</strong></span> <span class='ocrx_word' id='word_1_720' title='bbox 1098 4939 1129 4998; x_wconf 91' lang='lat' dir='ltr'><strong>in</strong></span> <span class='ocrx_word' id='word_1_721' title='bbox 1145 4955 1217 5002; x_wconf 90' lang='lat' dir='ltr'><strong>suas</strong></span> <span class='ocrx_word' id='word_1_722' title='bbox 1233 4939 1325 5002; x_wconf 89' lang='lat' dir='ltr'><strong>sedes</strong></span> <span class='ocrx_word' id='word_1_723' title='bbox 1340 4940 1470 5002; x_wconf 87' lang='lat' dir='ltr'><strong>restituti</strong></span> <span class='ocrx_word' id='word_1_724' title='bbox 1487 4948 1570 5012; x_wconf 91' lang='lat' dir='ltr'><strong>suut,</strong></span> <span class='ocrx_word' id='word_1_725' title='bbox 1588 4949 1620 5004; x_wconf 87' lang='lat' dir='ltr'><strong>ut</strong></span> <span class='ocrx_word' id='word_1_726' title='bbox 1635 4950 1741 5005; x_wconf 87' lang='lat' dir='ltr'><strong>auctor</strong></span> <span class='ocrx_word' id='word_1_727' title='bbox 1755 4950 1803 5006; x_wconf 90' lang='lat' dir='ltr'><strong>est</strong></span> <span class='ocrx_word' id='word_1_728' title='bbox 1816 4942 1968 5007; x_wconf 59' lang='lat' dir='ltr'><strong>maome·</strong></span> 
     </span>
     <span class='ocr_line' id='line_1_57' title="bbox 187 5017 1966 5103; baseline 0.008 -28"><span class='ocrx_word' id='word_1_729' title='bbox 187 5025 215 5078; x_wconf 85' lang='lat' dir='ltr'><strong>ct</strong></span> <span class='ocrx_word' id='word_1_730' title='bbox 228 5034 361 5082; x_wconf 86' lang='lat' dir='ltr'><strong>rrcrsum</strong></span> <span class='ocrx_word' id='word_1_731' title='bbox 375 5020 513 5100; x_wconf 82' lang='lat' dir='ltr'><strong>putidam</strong></span> <span class='ocrx_word' id='word_1_732' title='bbox 525 5019 564 5082; x_wconf 88' lang='lat' dir='ltr'><strong>iu</strong></span> <span class='ocrx_word' id='word_1_733' title='bbox 576 5017 757 5095; x_wconf 76' lang='lat' dir='ltr'><strong>maioribus</strong></span> <span class='ocrx_word' id='word_1_734' title='bbox 780 5017 914 5082; x_wconf 70' lang='lat' dir='ltr'><strong>eremus</strong></span> <span class='ocrx_word' id='word_1_735' title='bbox 939 5023 1055 5084; x_wconf 77' lang='lat' dir='ltr'><strong>coluti-</strong></span> <span class='ocrx_word' id='word_1_736' title='bbox 1100 5038 1157 5082; x_wconf 91' lang='lat' dir='ltr'><strong>nus</strong></span> <span class='ocrx_word' id='word_1_737' title='bbox 1173 5022 1227 5082; x_wconf 90' lang='lat' dir='ltr'><strong>lib.</strong></span> <span class='ocrx_word' id='word_1_738' title='bbox 1244 5021 1274 5083; x_wconf 82' lang='lat'><strong>3.</strong></span> <span class='ocrx_word' id='word_1_739' title='bbox 1290 5021 1363 5084; x_wconf 90' lang='lat' dir='ltr'><strong>hist.</strong></span> <span class='ocrx_word' id='word_1_740' title='bbox 1380 5037 1448 5100; x_wconf 89' lang='lat' dir='ltr'><strong>cap.</strong></span> <span class='ocrx_word' id='word_1_741' title='bbox 1462 5023 1493 5084; x_wconf 86' lang='lat' dir='ltr'><strong>l.</strong></span> <span class='ocrx_word' id='word_1_742' title='bbox 1507 5024 1648 5086; x_wconf 88' lang='lat' dir='ltr'><strong>similiter</strong></span> <span class='ocrx_word' id='word_1_743' title='bbox 1659 5025 1824 5088; x_wconf 76' lang='lat' dir='ltr'><strong>Florianus</strong></span> <span class='ocrx_word' id='word_1_744' title='bbox 1838 5025 1966 5103; x_wconf 77' lang='lat' dir='ltr'><strong>cpisco</strong></span> 
     </span>
     <span class='ocr_line' id='line_1_58' title="bbox 189 5099 1966 5187; baseline 0.007 -28"><span class='ocrx_word' id='word_1_745' title='bbox 189 5099 250 5160; x_wconf 82' lang='lat' dir='ltr'><strong>irati</strong></span> <span class='ocrx_word' id='word_1_746' title='bbox 264 5103 517 5165; x_wconf 87' lang='lat' dir='ltr'><strong>solticitudinem</strong></span> <span class='ocrx_word' id='word_1_747' title='bbox 542 5103 741 5180; x_wconf 83' lang='lat' dir='ltr'><strong>satsciperaut</strong></span> <span class='ocrx_word' id='word_1_748' title='bbox 764 5103 969 5181; x_wconf 78' lang='lat' dir='ltr'><strong>eutpliorcnc,</strong></span> <span class='ocrx_word' id='word_1_749' title='bbox 995 5121 1056 5182; x_wconf 81' lang='lat' dir='ltr'><strong>per</strong></span> <span class='ocrx_word' id='word_1_750' title='bbox 1099 5119 1157 5181; x_wconf 89' lang='lat' dir='ltr'><strong>pus</strong></span> <span class='ocrx_word' id='word_1_751' title='bbox 1184 5104 1535 5183; x_wconf 87' lang='lat' dir='ltr'><strong>constantinopolitanus</strong></span> <span class='ocrx_word' id='word_1_752' title='bbox 1561 5108 1727 5187; x_wconf 86' lang='lat' dir='ltr'><strong>appellarit</strong></span> <span class='ocrx_word' id='word_1_753' title='bbox 1748 5108 1915 5172; x_wconf 87' lang='lat' dir='ltr'><strong>aconcilie</strong></span> <span class='ocrx_word' id='word_1_754' title='bbox 1932 5131 1966 5172; x_wconf 88' lang='lat' dir='ltr'><strong>c-</strong></span> 
     </span>
     <span class='ocr_line' id='line_1_59' title="bbox 186 5183 1966 5267; baseline 0.007 -26"><span class='ocrx_word' id='word_1_755' title='bbox 186 5198 278 5260; x_wconf 79' lang='lat' dir='ltr'><strong>orcus,</strong></span> <span class='ocrx_word' id='word_1_756' title='bbox 295 5186 454 5247; x_wconf 86' lang='lat' dir='ltr'><strong>educam</strong></span> <span class='ocrx_word' id='word_1_757' title='bbox 469 5183 879 5249; x_wconf 83' lang='lat' dir='ltr'><strong>Petrisedemuniuersulis</strong></span> <span class='ocrx_word' id='word_1_758' title='bbox 891 5185 1055 5248; x_wconf 77' lang='lat' dir='ltr'><strong>Ecclesiae</strong></span> <span class='ocrx_word' id='word_1_759' title='bbox 1101 5186 1231 5264; x_wconf 86' lang='lat' dir='ltr'><strong>ptresino</strong></span> <span class='ocrx_word' id='word_1_760' title='bbox 1246 5186 1285 5248; x_wconf 89' lang='lat' dir='ltr'><strong>tt.</strong></span> <span class='ocrx_word' id='word_1_761' title='bbox 1309 5186 1458 5266; x_wconf 85' lang='lat' dir='ltr'><strong>generali.</strong></span> <span class='ocrx_word' id='word_1_762' title='bbox 1476 5189 1515 5250; x_wconf 91' lang='lat' dir='ltr'><strong>nd</strong></span> <span class='ocrx_word' id='word_1_763' title='bbox 1529 5188 1662 5252; x_wconf 78' lang='lat' dir='ltr'><strong>Leontem</strong></span> <span class='ocrx_word' id='word_1_764' title='bbox 1680 5207 1801 5267; x_wconf 88' lang='lat' dir='ltr'><strong>papam,</strong></span> <span class='ocrx_word' id='word_1_765' title='bbox 1820 5198 1853 5251; x_wconf 91' lang='lat' dir='ltr'><strong>nt</strong></span> <span class='ocrx_word' id='word_1_766' title='bbox 1869 5198 1966 5254; x_wconf 88' lang='lat' dir='ltr'><strong>testa·</strong></span> 
     </span>
     <span class='ocr_line' id='line_1_60' title="bbox 185 5266 1966 5350; baseline 0.006 -25"><span class='ocrx_word' id='word_1_767' title='bbox 185 5281 268 5326; x_wconf 81' lang='lat' dir='ltr'><strong>crore</strong></span> <span class='ocrx_word' id='word_1_768' title='bbox 283 5266 459 5344; x_wconf 71' lang='lat' dir='ltr'><strong>eortdtteret</strong></span> <span class='ocrx_word' id='word_1_769' title='bbox 474 5313 481 5339; x_wconf 94' lang='lat'><strong>,</strong></span> <span class='ocrx_word' id='word_1_770' title='bbox 506 5267 642 5336; x_wconf 76' lang='lat' dir='ltr'><strong>utrcilcc&#39;l</strong></span> <span class='ocrx_word' id='word_1_771' title='bbox 655 5281 806 5344; x_wconf 81' lang='lat' dir='ltr'><strong>raraquem</strong></span> <span class='ocrx_word' id='word_1_772' title='bbox 831 5278 925 5328; x_wconf 84' lang='lat' dir='ltr'><strong>uerte</strong></span> <span class='ocrx_word' id='word_1_773' title='bbox 951 5269 1055 5346; x_wconf 71' lang='lat' dir='ltr'><strong>currite</strong></span> <span class='ocrx_word' id='word_1_774' title='bbox 1100 5276 1148 5329; x_wconf 92' lang='lat' dir='ltr'><strong>tur</strong></span> <span class='ocrx_word' id='word_1_775' title='bbox 1163 5269 1223 5329; x_wconf 83' lang='lat' dir='ltr'><strong>beo</strong></span> <span class='ocrx_word' id='word_1_776' title='bbox 1238 5270 1329 5348; x_wconf 86' lang='lat' dir='ltr'><strong>epist.</strong></span> <span class='ocrx_word' id='word_1_777' title='bbox 1346 5269 1397 5330; x_wconf 77' lang='lat'><strong>25.</strong></span> <span class='ocrx_word' id='word_1_778' title='bbox 1414 5271 1451 5332; x_wconf 90' lang='lat' dir='ltr'><strong>ad</strong></span> <span class='ocrx_word' id='word_1_779' title='bbox 1467 5271 1671 5334; x_wconf 79' lang='lat' dir='ltr'><strong>Theodosium</strong></span> <span class='ocrx_word' id='word_1_780' title='bbox 1684 5273 1869 5350; x_wconf 83' lang='lat' dir='ltr'><strong>Augustum.</strong></span> <span class='ocrx_word' id='word_1_781' title='bbox 1883 5273 1966 5338; x_wconf 74' lang='lat' dir='ltr'><strong>Item</strong></span> 
     </span>
     <span class='ocr_line' id='line_1_61' title="bbox 187 5346 1966 5432; baseline 0.006 -24"><span class='ocrx_word' id='word_1_782' title='bbox 187 5346 436 5410; x_wconf 30' lang='lat' dir='ltr'><strong>dvtssiucrcttam</strong></span> <span class='ocrx_word' id='word_1_783' title='bbox 453 5352 477 5411; x_wconf 93' lang='lat' dir='ltr'><strong>si</strong></span> <span class='ocrx_word' id='word_1_784' title='bbox 495 5367 567 5430; x_wconf 88' lang='lat' dir='ltr'><strong>cura</strong></span> <span class='ocrx_word' id='word_1_785' title='bbox 579 5347 761 5412; x_wconf 87' lang='lat' dir='ltr'><strong>universatis</strong></span> <span class='ocrx_word' id='word_1_786' title='bbox 775 5347 934 5410; x_wconf 84' lang='lat' dir='ltr'><strong>Ecclesiae</strong></span> <span class='ocrx_word' id='word_1_787' title='bbox 947 5351 983 5411; x_wconf 91' lang='lat' dir='ltr'><strong>ad</strong></span> <span class='ocrx_word' id='word_1_788' title='bbox 997 5351 1051 5413; x_wconf 82' lang='lat' dir='ltr'><strong>Pe·</strong></span> <span class='ocrx_word' id='word_1_789' title='bbox 1098 5350 1308 5413; x_wconf 83' lang='lat' dir='ltr'><strong>Tireeduretus</strong></span> <span class='ocrx_word' id='word_1_790' title='bbox 1330 5351 1496 5432; x_wconf 87' lang='lat' dir='ltr'><strong>episcopus</strong></span> <span class='ocrx_word' id='word_1_791' title='bbox 1519 5353 1586 5432; x_wconf 81' lang='lat' dir='ltr'><strong>Cyri</strong></span> <span class='ocrx_word' id='word_1_792' title='bbox 1610 5355 1806 5432; x_wconf 87' lang='lat' dir='ltr'><strong>appellarita</strong></span> <span class='ocrx_word' id='word_1_793' title='bbox 1825 5359 1966 5420; x_wconf 85' lang='lat' dir='ltr'><strong>coneilio</strong></span> 
     </span>
     <span class='ocr_line' id='line_1_62' title="bbox 187 5431 1967 5517; baseline 0.007 -27"><span class='ocrx_word' id='word_1_794' title='bbox 187 5436 265 5490; x_wconf 90' lang='lat' dir='ltr'><strong>trum</strong></span> <span class='ocrx_word' id='word_1_795' title='bbox 277 5431 420 5508; x_wconf 90' lang='lat' dir='ltr'><strong>pertinet,</strong></span> <span class='ocrx_word' id='word_1_796' title='bbox 438 5438 520 5494; x_wconf 88' lang='lat' dir='ltr'><strong>certe</strong></span> <span class='ocrx_word' id='word_1_797' title='bbox 535 5432 628 5495; x_wconf 90' lang='lat' dir='ltr'><strong>etiam</strong></span> <span class='ocrx_word' id='word_1_798' title='bbox 643 5432 779 5503; x_wconf 82' lang='lat' dir='ltr'><strong>ceincitii,</strong></span> <span class='ocrx_word' id='word_1_799' title='bbox 796 5431 877 5510; x_wconf 88' lang='lat' dir='ltr'><strong>quod</strong></span> <span class='ocrx_word' id='word_1_800' title='bbox 897 5432 1052 5495; x_wconf 82' lang='lat' dir='ltr'><strong>universa·</strong></span> <span class='ocrx_word' id='word_1_801' title='bbox 1098 5432 1208 5494; x_wconf 89' lang='lat' dir='ltr'><strong>eodem</strong></span> <span class='ocrx_word' id='word_1_802' title='bbox 1224 5433 1375 5512; x_wconf 87' lang='lat' dir='ltr'><strong>ephesino</strong></span> <span class='ocrx_word' id='word_1_803' title='bbox 1389 5432 1431 5495; x_wconf 86' lang='grc' dir='ltr'><strong>ΙΙ.</strong></span> <span class='ocrx_word' id='word_1_804' title='bbox 1448 5435 1484 5496; x_wconf 89' lang='lat' dir='ltr'><strong>ad</strong></span> <span class='ocrx_word' id='word_1_805' title='bbox 1500 5435 1642 5498; x_wconf 91' lang='lat' dir='ltr'><strong>eumdem</strong></span> <span class='ocrx_word' id='word_1_806' title='bbox 1659 5436 1807 5510; x_wconf 85' lang='lat' dir='ltr'><strong>Leonem,</strong></span> <span class='ocrx_word' id='word_1_807' title='bbox 1827 5445 1859 5500; x_wconf 84' lang='lat' dir='ltr'><strong>ut</strong></span> <span class='ocrx_word' id='word_1_808' title='bbox 1875 5447 1967 5517; x_wconf 83' lang='lat' dir='ltr'><strong>patet</strong></span> 
     </span>
     <span class='ocr_line' id='line_1_63' title="bbox 188 5511 1963 5601; baseline 0.006 -28"><span class='ocrx_word' id='word_1_809' title='bbox 188 5512 228 5574; x_wconf 90' lang='lat' dir='ltr'><strong>tts</strong></span> <span class='ocrx_word' id='word_1_810' title='bbox 245 5511 400 5574; x_wconf 75' lang='lat' dir='ltr'><strong>Ecclesiae</strong></span> <span class='ocrx_word' id='word_1_811' title='bbox 416 5513 514 5574; x_wconf 85' lang='lat' dir='ltr'><strong>ricem</strong></span> <span class='ocrx_word' id='word_1_812' title='bbox 530 5516 619 5592; x_wconf 88' lang='lat' dir='ltr'><strong>gerit.</strong></span> <span class='ocrx_word' id='word_1_813' title='bbox 835 5525 839 5530; x_wconf 84' lang='lat'><em>·</em></span> <span class='ocrx_word' id='word_1_814' title='bbox 1098 5530 1136 5577; x_wconf 81' lang='lat' dir='ltr'><strong>ex</strong></span> <span class='ocrx_word' id='word_1_815' title='bbox 1156 5515 1295 5578; x_wconf 74' lang='lat' dir='ltr'><strong>liberato</strong></span> <span class='ocrx_word' id='word_1_816' title='bbox 1316 5516 1348 5577; x_wconf 91' lang='lat' dir='ltr'><strong>in</strong></span> <span class='ocrx_word' id='word_1_817' title='bbox 1369 5515 1532 5590; x_wconf 84' lang='lat' dir='ltr'><strong>Breriario,</strong></span> <span class='ocrx_word' id='word_1_818' title='bbox 1555 5535 1623 5597; x_wconf 91' lang='lat' dir='ltr'><strong>cap.</strong></span> <span class='ocrx_word' id='word_1_819' title='bbox 1642 5519 1692 5582; x_wconf 65' lang='lat' dir='ltr'><strong>te.</strong></span> <span class='ocrx_word' id='word_1_820' title='bbox 1710 5526 1740 5582; x_wconf 92' lang='lat' dir='ltr'><strong>et</strong></span> <span class='ocrx_word' id='word_1_821' title='bbox 1754 5535 1792 5582; x_wconf 86' lang='lat' dir='ltr'><strong>ex</strong></span> <span class='ocrx_word' id='word_1_822' title='bbox 1806 5521 1875 5599; x_wconf 87' lang='lat' dir='ltr'><strong>ipsa</strong></span> <span class='ocrx_word' id='word_1_823' title='bbox 1891 5525 1963 5601; x_wconf 78' lang='lat' dir='ltr'><strong>epri-</strong></span> 
     </span>
     <span class='ocr_line' id='line_1_64' title="bbox 229 5593 1960 5680; baseline 0.006 -23"><span class='ocrx_word' id='word_1_824' title='bbox 229 5593 370 5657; x_wconf 83' lang='lat' dir='ltr'><strong>Gelasius</strong></span> <span class='ocrx_word' id='word_1_825' title='bbox 386 5594 418 5656; x_wconf 89' lang='lat' dir='ltr'><strong>in</strong></span> <span class='ocrx_word' id='word_1_826' title='bbox 432 5596 523 5674; x_wconf 87' lang='lat' dir='ltr'><strong>epist.</strong></span> <span class='ocrx_word' id='word_1_827' title='bbox 540 5597 577 5656; x_wconf 90' lang='lat' dir='ltr'><strong>ad</strong></span> <span class='ocrx_word' id='word_1_828' title='bbox 591 5595 756 5675; x_wconf 89' lang='lat' dir='ltr'><strong>episcopos</strong></span> <span class='ocrx_word' id='word_1_829' title='bbox 770 5594 953 5672; x_wconf 84' lang='lat' dir='ltr'><strong>Dardaniae,</strong></span> <span class='ocrx_word' id='word_1_830' title='bbox 970 5595 1052 5660; x_wconf 84' lang='lat' dir='ltr'><strong>dun·</strong></span> <span class='ocrx_word' id='word_1_831' title='bbox 1097 5598 1173 5660; x_wconf 87' lang='lat' dir='ltr'><strong>stota</strong></span> <span class='ocrx_word' id='word_1_832' title='bbox 1187 5598 1380 5672; x_wconf 78' lang='lat' dir='ltr'><strong>Tincodoreti,</strong></span> <span class='ocrx_word' id='word_1_833' title='bbox 1393 5615 1471 5677; x_wconf 85' lang='lat' dir='ltr'><strong>quac</strong></span> <span class='ocrx_word' id='word_1_834' title='bbox 1483 5601 1728 5664; x_wconf 84' lang='lat' dir='ltr'><strong>exstatndtrnern</strong></span> <span class='ocrx_word' id='word_1_835' title='bbox 1740 5618 1868 5680; x_wconf 87' lang='lat' dir='ltr'><strong>operum</strong></span> <span class='ocrx_word' id='word_1_836' title='bbox 1881 5604 1960 5668; x_wconf 83' lang='lat' dir='ltr'><strong>teo-</strong></span> 
     </span>
     <span class='ocr_line' id='line_1_65' title="bbox 189 5676 1962 5762; baseline 0.007 -22"><span class='ocrx_word' id='word_1_837' title='bbox 189 5682 250 5750; x_wconf 88' lang='lat' dir='ltr'><strong>cto,</strong></span> <span class='ocrx_word' id='word_1_838' title='bbox 273 5676 383 5756; x_wconf 88' lang='lat' dir='ltr'><strong>inquit,</strong></span> <span class='ocrx_word' id='word_1_839' title='bbox 395 5692 455 5754; x_wconf 84' lang='lat' dir='ltr'><strong>per</strong></span> <span class='ocrx_word' id='word_1_840' title='bbox 467 5679 629 5744; x_wconf 85' lang='lat' dir='ltr'><strong>ntuudum</strong></span> <span class='ocrx_word' id='word_1_841' title='bbox 642 5679 731 5742; x_wconf 89' lang='lat' dir='ltr'><strong>uouit</strong></span> <span class='ocrx_word' id='word_1_842' title='bbox 745 5677 988 5760; x_wconf 83' lang='lat' dir='ltr'><strong>Ecclesiaquod</strong></span> <span class='ocrx_word' id='word_1_843' title='bbox 999 5695 1052 5744; x_wconf 82' lang='lat' dir='ltr'><strong>aa·</strong></span> <span class='ocrx_word' id='word_1_844' title='bbox 1098 5680 1159 5743; x_wconf 84' lang='lat' dir='ltr'><strong>nis.</strong></span> <span class='ocrx_word' id='word_1_845' title='bbox 1175 5679 1315 5760; x_wconf 82' lang='lat' dir='ltr'><strong>Denique</strong></span> <span class='ocrx_word' id='word_1_846' title='bbox 1329 5677 1463 5744; x_wconf 87' lang='lat' dir='ltr'><strong>loannes</strong></span> <span class='ocrx_word' id='word_1_847' title='bbox 1481 5681 1716 5762; x_wconf 72' lang='lat' dir='ltr'><strong>chrysostomus</strong></span> <span class='ocrx_word' id='word_1_848' title='bbox 1727 5703 1743 5747; x_wconf 91' lang='lat' dir='ltr'><strong>a</strong></span> <span class='ocrx_word' id='word_1_849' title='bbox 1756 5687 1890 5749; x_wconf 90' lang='lat' dir='ltr'><strong>concilio</strong></span> <span class='ocrx_word' id='word_1_850' title='bbox 1904 5691 1962 5753; x_wconf 85' lang='lat' dir='ltr'><strong>dc-</strong></span> 
     </span>
    </p>
   </div>
   <div class='ocr_carea' id='block_1_3' title="bbox 0 0 2032 6293">
    <p class='ocr_par' dir='ltr' id='par_1_3' title="bbox 0 0 2032 6293">
     <span class='ocr_line' id='line_1_66' title="bbox 0 0 2032 6293; baseline 0 0"><span class='ocrx_word' id='word_1_851' title='bbox 0 0 2032 6293; x_wconf 95' lang='lat' dir='ltr'><strong> </strong></span> 
     </span>
    </p>
   </div>
  </div>
 </body>
</html>
