4056 6302
241 339 274 394 22
816 333 859 390 bd
879 329 1046 394 coltctttts
1070 333 1113 390 ET
1133 331 1298 392 secessit

168 471 226 532 lam
242 469 361 532 liamosi
378 466 415 534 ad
431 467 596 552 episcopos
610 465 734 553 lllyrici,
752 472 782 530 et
796 467 1028 547 opistbihasi·
1075 465 1270 546 epistolario.
1287 469 1325 532 ad
1340 467 1541 531 vincentium
1556 469 1729 547 suspicatur
1755 467 1944 551 cyprianum

168 553 201 615 lii
216 553 252 614 ad
268 553 476 620 Allrauasium.
565 602 566 608 ,
1076 556 1258 612 retractasse
1270 553 1452 614 sententiam
1465 553 1568 614 suomi
1580 552 1685 632 ltaque
1701 552 1864 632 probabile
1881 561 1943 624 est,

207 635 322 698 Eodem
334 635 426 698 modo
439 651 593 715 exponere
605 633 743 714 cogimur
755 632 962 696 testimonium
974 632 1029 694 Isi·
1075 633 1167 695 etiam
1182 640 1252 695 ante
1268 635 1430 696 nicaenum
1442 635 1606 696 concilium
1621 682 1628 702 .
1646 653 1681 696 ac
1695 636 1876 698 auctoritate
1895 652 1947 697 se·

167 719 233 780 dori
248 735 256 795 3
289 734 360 780 narn
374 719 456 796 quod
471 722 539 798 ipse
554 719 595 780 ait
611 763 618 789 ,
642 725 712 779 ante
728 715 916 778 Constantini
932 717 1030 793 impc·
1076 717 1124 776 dis
1136 717 1344 794 apostolicae,
1373 720 1586 798 quaestionem
1613 717 1696 779 illam
1722 718 1803 796 apud
1830 733 1948 780 omnes

166 801 246 862 rium
268 799 438 864 Ecclesiam
451 801 576 863 divisum
594 799 688 862 luisse
704 801 735 862 in
752 799 848 862 aurias
871 801 1028 874 haereses,
1077 799 1243 860 catholicos
1260 797 1354 862 luisse
1367 798 1494 864 linitam.
1525 802 1585 862 Sed
1608 801 1725 872 etiarnsi
1753 800 1896 876 quaestio
1912 801 1947 862 lr-

130 961 131 966 χ
168 886 239 963 quia
254 900 315 945 non
332 885 459 946 dabatur
481 884 636 964 episcopis
651 883 779 958 facultas
801 882 1031 960 congregando·
1079 882 1139 945 uita
1157 897 1217 942 uon
1232 882 1342 945 luisset
1356 899 1455 961 usque
1470 883 1506 945 ad
1520 883 1640 945 concilii
1654 884 1784 961 plenarii
1800 884 1950 945 determi-

166 981 236 1027 rum
250 968 494 1032 conciliorumet
508 983 545 1028 eo
559 968 648 1027 modo
661 966 798 1044 plebium
810 965 1030 1027 docendarum:
1079 964 1244 1038 nationem,
1263 971 1295 1025 ut
1308 964 1498 1045 Augustinus
1513 967 1663 1039 dicit,non
1680 971 1786 1027 lamen
1797 965 1870 1026 iude
1883 968 1949 1027 cot·

169 1049 194 1110 si
211 1049 351 1112 absoluto
368 1048 761 1127 intelligaturapertlssimc
775 1048 885 1109 laisum
897 1046 1030 1109 esiliam
1078 1047 1175 1126 ligere
1190 1054 1356 1124 oporteret,
1370 1063 1432 1110 nou
1448 1049 1586 1127 poluisse
1605 1048 1705 1121 linirl;
1731 1063 1801 1110 nam
1825 1049 1900 1110 licet
1915 1066 1948 1108 «ιι

168 1137 199 1192 et
210 1139 279 1194 ante
292 1141 427 1210 tempora
440 1130 629 1193 Constantini
645 1131 949 1210 plurimaehaereses
961 1136 1033 1194 sunt
1080 1129 1248 1207 postoiioae
1270 1131 1336 1210 sedi
1353 1131 1589 1211 cooperantibus
1605 1131 1746 1193 conciliis
1771 1139 1951 1194 controver-

169 1232 184 1272 ιι
202 1216 341 1277 conciliis
357 1217 572 1292 episcoporum
589 1214 711 1292 penitus
726 1213 874 1286 sublatae,
894 1219 924 1273 et
939 1214 1034 1274 ertia·
1081 1212 1156 1274 siam
1174 1212 1256 1273 illam
1272 1211 1398 1274 liniendi
1412 1214 1575 1291 auctoritas
1590 1229 1650 1276 uon
1668 1215 1811 1288 deesset,
1829 1215 1951 1274 malue-

169 1303 248 1366 ctae,
266 1304 379 1374 etpost
396 1303 533 1373 tempora
556 1295 745 1358 Constantini
764 1343 772 1370 ,
788 1310 849 1357 non
872 1295 1037 1357 defuerunt
1081 1301 1152 1355 runt
1165 1301 1265 1356 tamen
1280 1296 1377 1358 saneti
1394 1296 1437 1358 illi
1452 1295 1613 1374 pontitlcos
1635 1295 1758 1367 dillerre
1775 1297 1804 1356 in
1822 1303 1949 1375 tompus

166 1377 316 1441 lmercscs
329 1395 518 1458 rrurarcquae
534 1379 705 1441 Ecclesiam
721 1378 902 1457 longissimo
918 1384 1035 1457 tempo·
1081 1376 1163 1438 atmd
1180 1378 1276 1458 magis
1291 1387 1496 1456 opportunum
1523 1380 1693 1442 absolutam
1719 1380 1952 1441 determinatio-

167 1477 199 1522 ro
213 1462 498 1524 rerarerunlCerle
512 1460 951 1540 nestorianaeeteutycbiauae
963 1460 1035 1522 hae·
1083 1475 1155 1520 nom
1170 1459 1238 1538 ejus
1253 1461 1454 1538 quaestionis,
1473 1478 1563 1540 quam
1591 1467 1632 1522 tot
1648 1477 1776 1538 magnos
1802 1462 1884 1523 riros
1912 1462 1951 1522 ab

166 1559 253 1606 reses
269 1561 436 1623 numquam
453 1547 576 1621 ponitus
592 1545 738 1607 cradicari
753 1550 930 1624 potueruut,
948 1550 978 1605 ul
993 1551 1035 1604 ta·
1081 1541 1219 1604 Ecclesia
1235 1542 1483 1622 separare.'Quia
1497 1559 1569 1606 vero
1595 1547 1743 1622 temporis
1765 1548 1951 1622 opportuni-

167 1641 236 1687 men
255 1635 323 1703 pasl
339 1626 528 1688 Constantini
555 1634 689 1705 tempora
705 1633 826 1690 exortae
842 1631 915 1688 sunt
931 1671 939 1698 ,
955 1633 986 1688 et
1001 1626 1033 1688 in
1083 1631 1129 1686 tas
1143 1641 1204 1688 non
1220 1631 1289 1687 autc
1305 1643 1339 1688 se
1355 1625 1476 1700 obtulit,
1502 1643 1592 1706 quam
1608 1644 1676 1688 cum
1694 1627 1859 1688 nicaenum
1876 1644 1951 1688 con·

166 1708 1032 1788 iisextirpandisooueitiageneraliasaepiuslaborarunt.
1080 1707 1184 1769 cilium
1200 1707 1418 1786 celebraretur3
1434 1709 1548 1771 idcireo
1575 1708 1763 1786 Augustinus
1791 1710 1883 1770 toties
1904 1727 1951 1770 ro-

165 1791 199 1851 ld
217 1791 307 1870 igitur
322 1792 575 1854 solum'lsidorus
591 1793 766 1872 significare
782 1791 1034 1868 rotuit‚temporc
1079 1791 1200 1868 petitio
1217 1791 1347 1854 oortcilio
1360 1790 1499 1868 plenario
1511 1791 1596 1854 orbis
1607 1796 1717 1868 terrae,
1732 1793 1951 1870 quaestionum

167 1872 355 1935 Constantini
378 1876 507 1936 corrodia
524 1877 679 1948 generalia
696 1874 846 1937 celebrari
862 1876 1005 1952 coepisse
1023 1922 1031 1947 ,
1084 1873 1168 1934 illam
1184 1874 1392 1936 tandem‘esse
1406 1873 1534 1935 linitam.

167 1962 256 2034 atque
273 1972 339 2018 eam
356 1973 418 2018 reru
436 1961 471 2018 ad
488 1959 734 2036 corrrprimeodas
750 1958 896 2020 haereses
912 1957 1035 2020 utilissi-
1123 1955 1169 2026 At,
1188 1955 1320 2033 inquies,
1338 1957 1512 2035 Stephanus
1535 1972 1633 2035 papa,
1662 1963 1849 2036 congregato
1876 1974 1951 2020 con-

167 2053 245 2100 umm
262 2039 428 2100 exstitisse.
1045 2067 1047 2074 ι
1082 2037 1154 2099 cilio
1169 2040 1303 2114 quodam
1316 2039 1501 2117 particulari,
1515 2039 1610 2119 Jussit
1624 2053 1685 2101 non
1709 2039 1904 2118 rebaptizari,
1921 2048 1951 2101 et

207 2121 275 2181 lum
290 2137 362 2183 acro
378 2123 450 2199 quid
468 2139 494 2183 s.
511 2122 669 2202 Eugenius
682 2122 745 2187 sibi
759 2121 1035 2202 volueritexpiiout
1081 2121 1393 2183 excommunicandos
1409 2121 1531 2184 censuit
1545 2137 1612 2192 eos,
1626 2122 1678 2200 qui
1694 2121 1922 2202 rebaptizarent
1939 2171 1947 2196 ,

166 2203 282 2264 ibidem
308 2203 409 2264 Victor
434 2206 592 2267 uticensis.
617 2203 729 2269 Scribit
754 2203 836 2266 euim
863 2203 1034 2286 Eugenium
1082 2202 1414 2284 utscribtlDiouysius
1436 2205 1677 2268 alexandrinus.
1703 2203 1844 2265 Eusebio
1868 2212 1948 2266 teste

166 2287 355 2347 mentionem
371 2288 483 2349 iecisse
498 2289 620 2350 concilii
637 2287 802 2368 generalis,
819 2294 849 2350 el
862 2288 1035 2349 transmari·
1082 2285 1136 2346 lib.
1154 2286 1184 2346 l.
1204 2287 1275 2350 hist.
1288 2303 1356 2362 cap.
1373 2285 1403 2347 t.
1421 2293 1451 2350 et
1463 2287 1651 2366 Augustinus
1663 2285 1716 2347 tib.
1734 2287 1773 2348 de
1786 2287 1881 2348 unico
1897 2288 1951 2348 ba·

166 2383 274 2428 aarum
288 2367 578 2441 Ecclesiarumcum
593 2378 752 2434 roaaretur
762 2371 800 2431 ad
810 2369 1033 2432 conterendum
1082 2369 1205 2444 ptismo,
1222 2386 1290 2446 cap.
1309 2369 1358 2431 ll.
1372 2367 1467 2446 Igitur
1482 2371 1694 2447 quaestionem
1707 2385 1784 2448 papa
1796 2385 1868 2430 oum
1882 2387 1951 2448 par·

166 2451 205 2510 dc
222 2451 281 2512 hdc
297 2452 578 2530 cum-Arianis3non
595 2455 677 2532 quod
692 2468 754 2515 nou
770 2458 877 2515 essent
891 2452 923 2512 in
938 2452 1032 2514 Africa
1080 2450 1199 2511 ticulari
1211 2467 1267 2514 suo
1281 2451 1411 2516 concilio
1427 2452 1515 2514 linire
1527 2450 1632 2526 voluit,
1646 2467 1705 2513 nec
1719 2451 1828 2528 potuit.
1842 2453 1950 2514 Proin·

165 2533 220 2592 riri
236 2533 418 2608 doctissimi,
435 2537 485 2613 qui
505 2543 567 2598 tuto
584 2543 712 2614 possent
727 2536 872 2597 committi
886 2551 956 2602 oum
969 2537 1033 2614 epi·
1079 2532 1118 2594 de
1133 2535 1306 2596 necessaria
1323 2535 1465 2598 ridentur
1478 2534 1604 2596 omniuo
1617 2532 1746 2596 concilia
1762 2535 1933 2614 generalia.

167 2616 271 2694 scopis
286 2615 414 2691 Arianis,
433 2619 487 2679 sed
504 2621 584 2697 quod
602 2619 793 2681 existimabat
814 2616 1032 2680 transmarinos
1121 2613 1318 2694 Respondeo,
1337 2624 1371 2678 ut
1387 2619 1440 2680 lib.
1457 2617 1487 2679 l.
1502 2618 1541 2680 de
1557 2613 1712 2695 pontifice,
1741 2633 1811 2695 cap.»
1839 2617 1870 2679 l.
1885 2619 1949 2696 jam

166 2695 320 2772 doctores,
338 2700 363 2759 si
380 2699 411 2759 lu
427 2700 555 2762 llt'ricam
573 2705 751 2774 venisseut,
769 2701 897 2762 liberius
912 2708 1034 2764 acturos
1083 2703 1152 2759 autc
1168 2700 1326 2778 respondi:
1345 2702 1534 2779 Stephanum
1550 2700 1675 2778 quidem
1700 2700 1844 2780 jussisse,
1865 2717 1905 2762 ne
1931 2704 1950 2762 ii

165 2793 306 2842 caussam
321 2780 405 2846 fidoi.
423 2799 491 2844 euna
517 2801 583 2846 noa*
595 2791 700 2847 assent
715 2783 846 2860 subjecti
863 2785 927 2861 regi
945 2784 1032 2844 Wan·
1080 2782 1353 2860 rebaptizarentur,
1371 2784 1542 2862 quiessent
1556 2782 1594 2845 ab
1610 2783 1774 2844 haereticis
1790 2781 1948 2860 baptizali.

168 2863 305 2925 dolorum
321 2865 394 2936 ,aui
410 2867 535 2926 ulricani
554 2867 692 2946 episcopi
709 2867 842 2945 subjecti
858 2873 954 2927 erarnt.
972 2866 1032 2927 Nec
1080 2879 1116 2925 ao
1130 2865 1292 2927 censuisse
1304 2867 1393 2946 etiam
1406 2866 1644 2944 rebaptizatores
1657 2879 1727 2926 esse
1739 2868 1950 2926 excommuni·

166 2950 268 3008 lamen
285 2949 487 3009 montitusest
498 2947 740 3027 Eugenirrs,cum
753 2950 948 3021 ait,caussam
960 2948 1032 3012 fidei
1080 2948 1207 3020 candos,
1222 2962 1284 3008 non
1300 2953 1400 3010 tamen
1424 2965 1457 3010 re
1473 2950 1538 3027 ipsa
1562 2948 1633 3009 illos
1649 2949 1949 3016 excommunicasse,

167 3043 237 3090 esse
253 3039 494 3100 communemct
509 3047 543 3094 se
559 3048 626 3092 uon·
637 3047 730 3110 posse
742 3031 810 3093 sine
822 3030 1036 3094 transmarinis
1081 3028 1109 3088 id
1125 3031 1206 3107 quod
1224 3031 1386 3092 manilcslc
1402 3032 1555 3110 colligitur
1570 3045 1607 3092 ex
1621 3031 1726 3092 mullis
1748 3029 1885 3106 antiquis
1897 3050 1952 3092 au·

165 3111 322 3188 episeopis
338 3127 478 3172 caussam
496 3113 577 3174 ittam
594 3114 767 3193 suscipere3
784 3129 854 3174 nam
870 3115 926 3175 elsi
943 3114 1040 3178 obsa-
1079 3112 1226 3173 oloribus.
1244 3113 1317 3173 llam
1336 3113 1404 3192 ipse
1419 3117 1448 3174 in
1465 3111 1572 3192 primis
1585 3114 1753 3192 Cyprianus
1768 3113 1799 3172 iri
1816 3113 1950 3192 epistola

166 3193 230 3254 lute
246 3193 358 3254 licebat
373 3195 400 3254 ei
417 3195 556 3257 cooierro
572 3213 641 3258 oum
655 3196 775 3260 Arianis
790 3196 829 3258 de
844 3195 953 3270 fide,ut
967 3211 1035 3258 sue·
1078 3193 1117 3254 ad
1129 3192 1309 3274 Pompcjum
1320 3213 1381 3257 non
1395 3196 1639 3275 ail,Slepbanum
1650 3197 1951 3260 excommunicasse.

168 3289 208 3352 pe
220 3274 295 3335 alias
308 3278 337 3336 in
351 3278 797 3356 cartam-,regioneconlaturam
808 3279 950 3340 catholici
964 3295 1032 3341 cum
1079 3277 1134 3337 sed
1148 3280 1460 3340 excommunicandos
1474 3279 1670 3356 portassequi
1686 3283 1790 3339 contra
1802 3277 1952 3340 iacerent:

169 3354 359 3434 Donatistis,
379 3365 476 3421 tamen
495 3375 556 3421 uorl
573 3361 757 3441 expediebat
771 3377 809 3423 eo
824 3367 963 3440 tempore
981 3357 1044 3433 ‚ct'
1080 3357 1281 3433 Sacerdotes,
1300 3363 1408 3440 inquil,
1428 3361 1485 3422 liei
1498 3363 1678 3433 acritatem,
1704 3360 1820 3422 Christi
1846 3367 1877 3421 et
1895 3363 1954 3423 Ec-

167 3437 297 3516 proinde
314 3455 371 3502 uec
387 3442 498 3503 licebat
512 3445 580 3504 sine
596 3444 758 3506 manifesto
774 3443 1034 3522 periculoltaque
1081 3441 1197 3504 clasiae
1212 3444 1371 3506 unitatem
1385 3450 1507 3507 tuentes
1528 3444 1736 3506 abstinendos
1747 3449 1852 3521 putat.
1867 3444 1905 3505 Et
1921 3446 1953 3506 in

167 3535 239 3582 rere
255 3537 315 3584 non
333 3529 450 3602 poterat
464 3525 623 3605 Eugenius
638 3528 705 3590 sinc
717 3527 928 3589 transumrinis
940 3528 1033 3590 colle·
1079 3525 1207 3601 epistole
1220 3527 1256 3586 ad
1272 3525 1455 3606 Juboy'anum
1472 3523 1556 3599 dicit,
1585 3541 1620 3588 sc
1636 3541 1704 3586 cum
1732 3526 1861 3604 collegis
1885 3527 1954 3588 suis

168 3605 217 3682 gis
234 3607 418 3682 provinciam
443 3609 534 3669 illam
548 3610 709 3689 suscipere
727 3625 814 3683 „non
837 3610 906 3686 quia
930 3611 1035 3672 deerat
1080 3608 1263 3670 contrarium
1275 3611 1488 3696 sentientibus
1505 3623 1613 3686 pacem
1629 3609 1757 3669 habere:
1769 3609 1849 3686 quod
1864 3615 1952 3670 certe

166 3690 330 3750 auctoritas
348 3735 355 3758 ,
372 3689 426 3750 sed
444 3693 512 3768 quia
529 3691 633 3754 decrat
649 3695 859 3771 opportunitas
877 3710 885 3766 3
903 3707 961 3754 aec
977 3694 1033 3754 inl·
1079 3705 1141 3751 non
1157 3691 1284 3764 diceret,
1301 3693 1327 3753 si
1351 3700 1402 3753 aut
1427 3693 1465 3754 ab
1482 3693 1543 3753 illis
1566 3692 1634 3769 ipse
1661 3691 1951 3753 excommunicatus

169 3770 283 3845 quitos,
298 3771 354 3832 sed
370 3773 533 3849 prudentie
547 3777 737 3855 t'uit,tyranni
754 3776 841 3837 illius
854 3775 1033 3856 petitionem
1079 3771 1199 3842 luisset,
1216 3780 1266 3835 aul
1281 3773 1349 3853 ipse
1365 3791 1420 3836 eos
1436 3777 1745 3837 excommunicasset:
1759 3774 1950 3852 llosinquil,

168 3853 339 3915 sententiae
356 3854 711 3933 ambiguitateetndcru..
1078 3859 1239 3933 quantam
1252 3858 1290 3919 iz
1303 3857 1396 3919 nobis
1409 3866 1464 3926 est,
1489 3862 1624 3935 propter
1648 3857 1824 3918 haereticos
1842 3903 1849 3925 ,
1874 3873 1954 3918 cunr

160 3985 162 3990 ,
207 3935 711 4018 ΙΙιιΙιΙιιΙΙΙιιιιιΙΙΙιοΙιΙειιιΙο,ἰΙι
734 3939 1033 4019 baptismotraereti-
1078 3937 1206 4015 conopas
1235 3939 1947 4025 clcoepiscopienoslrisnonconteadimua.

167 4033 286 4090 corum,
299 4035 378 4097 quac
394 4022 521 4082 solvitur
533 4023 653 4084 ‹tuoltus
676 4023 787 4087 modis.
805 4022 937 4084 Primum
951 4024 1032 4084 enirn
1078 4034 1153 4080 carn
1170 4021 1286 4097 quibas
1302 4021 1452 4085 divinam
1464 4022 1685 4099 concordiam,
1703 4027 1732 4082 el
1744 4022 1952 4084 dominicam

165 4101 295 4172 rorasse
308 4116 369 4162 non
388 4110 435 4164 est
450 4119 566 4176 rerum,
582 4106 663 4184 quod
680 4107 868 4186 Augustinus
886 4105 1032 4182 putabat,
1076 4117 1191 4180 pacem
1207 4107 1363 4166 tenentos.

71 4221 78 4237 ,
166 4184 378 4259 quaestionem
393 4187 474 4246 itiam
493 4203 553 4249 non
572 4188 711 4267 potuisse
726 4187 807 4249 liniri
825 4193 895 4247 unte
908 4190 1028 4248 corruitii
1118 4183 1372 4266 hieronymusin
1398 4188 1519 4266 dialogo
1540 4191 1644 4249 eontra
1670 4185 1881 4248 Auciierianos
1907 4187 1950 4246 da

163 4267 318 4342 generalis
334 4269 612 4331 sententiamdam.
624 4271 794 4332 concilium
808 4269 954 4349 generata
972 4273 1031 4348 pri·
1078 4267 1227 4345 Cypriano
1242 4269 1287 4330 sio
1299 4271 1443 4348 loquitur:
1457 4270 1496 4332 ln
1508 4269 1736 4332 communione
1748 4283 1862 4332 corrant
1872 4285 1950 4347 per-

165 4361 248 4405 muta
261 4347 316 4409 luit
332 4351 493 4411 uiolandum
520 4359 656 4431 tompore
687 4352 878 4416 Constantini
896 4352 1033 4415 celebra·
1076 4352 1208 4417 niarasit.
1240 4353 1298 4432 qul
1311 4355 1489 4416 sententiae
1502 4367 1584 4414 snae
1599 4354 1832 4414 contraierant.
1847 4356 1953 4428 Augu·

164 4434 239 4488 tuma
258 4429 369 4490 Scribit
384 4438 484 4493 autom
509 4451 535 4494 s.
552 4435 758 4516 Hieronymus
774 4436 804 4497 iu
822 4435 943 4512 dialogo
960 4453 1032 4497 con·
1078 4432 1177 4493 sliuus
1190 4434 1247 4494 lib,
1266 4435 1291 4495 Ι.
1309 4438 1347 4495 do
1363 4435 1526 4512 baptismo,
1543 4451 1611 4513 oup.
1630 4433 1659 4494 Ι.
1673 4435 1747 4496 dicit
1760 4451 1888 4514 magnos
1905 4437 1950 4494 ri-

167 4515 208 4569 tra
225 4511 523 4588 Luciicriauos,illos
538 4516 623 4594 ipsos
638 4519 871 4599 episcoposqut
889 4533 958 4578 oum
977 4518 1031 4598 Cy·
1077 4529 1139 4581 ros,
1157 4522 1187 4577 el
1203 4517 1360 4578 Ecclesiae
1377 4519 1477 4580 lartrcs
1494 4523 1585 4596 atque
1600 4517 1777 4596 episcopos,
1795 4517 1855 4579 hoc
1870 4525 1918 4578 ost
1938 4565 1947 4590 ,

85 4627 92 4640 ·
165 4594 273 4670 priano
289 4597 488 4657 decreverunt
505 4599 678 4664 haereticos
694 4617 764 4663 esse
780 4599 1028 4678 rebaptizandos,
1078 4597 1280 4675 Stephanum,
1294 4605 1325 4662 et
1340 4600 1525 4680 Cyprianum
1542 4647 1550 4664 ,
1567 4599 1647 4662 salva
1665 4611 1741 4677 pace
1755 4605 1786 4661 el
1797 4601 1949 4662 charitate

165 4684 271 4753 postea
296 4679 480 4740 contrarium
509 4683 675 4759 protulisse
705 4685 875 4748 decretum.
903 4681 947 4743 Ea
971 4701 1031 4761 quo
1079 4679 1280 4743 dissensisse.
1297 4682 1445 4745 Paciarrus
1461 4684 1552 4761 epist.
1569 4681 1599 4743 2.
1617 4683 1653 4743 ad
1670 4683 1945 4762 sympronianum:

165 4758 330 4837 colligitur,
361 4777 416 4823 cos
443 4764 608 4843 episcopos
634 4765 759 4828 tandem
780 4765 952 4828 sententiae
968 4768 1033 4828 Ste·
1080 4760 1399 4843 captiuorumque,
1416 4768 1454 4828 in
1467 4765 1645 4827 concordio
1659 4766 1818 4836 amisium,
1834 4764 1873 4827 in
1887 4783 1950 4843 pc·

167 4842 259 4916 phani
275 4842 562 4923 rotnaniponrifiris
578 4849 797 4925 acquievisse,
812 4850 863 4926 qui
887 4857 986 4910 tamen
1001 4861 1032 4908 c-
1078 4861 1111 4906 ee
1127 4849 1292 4912 communi
1306 4895 1314 4920 ,
1330 4851 1368 4911 in
1389 4850 1609 4927 confessorura
1628 4863 1724 4928 grege
1745 4863 1862 4925 possess
1888 4855 1950 4910 est.

167 4937 255 4984 renes
282 4928 390 4987 mortui
418 4936 490 4989 sunl
515 4936 595 4992 aute·
611 4937 746 5009 tempora
763 4929 882 4993 nicaeni
895 4932 1030 4994 conoiiii.
1077 4927 1258 4991 Vincentius
1272 4930 1451 5010 Lyrlnausis
1464 4933 1493 4992 iu
1511 4945 1567 4992 suo
1583 4930 1700 4992 libello:
1721 4929 1880 5002 Orcruza,
1899 4933 1951 4990 in·

208 5005 292 5067 ldem
308 5025 432 5086 quoque
448 5010 653 5091 Hieronymus
675 5015 706 5076 in
729 5013 808 5076 libro
823 5015 862 5076 de
877 5016 1031 5091 scriptori·
1078 5011 1245 5088 quit,mira
1256 5015 1432 5086 concursio,
1445 5017 1596 5074 ouonroo
1608 5014 1752 5091 ejrasdern
1764 5013 1947 5090 opinionis,

166 5086 228 5149 bus
249 5091 591 5170 ecclesiasttcts,scribir
607 5096 784 5177 Dionysium
801 5097 1031 5158 alexandrinum
1078 5095 1241 5171 cellarloch
1258 5102 1489 5167 consectatores
1510 5110 1596 5169 uero,
1614 5097 1768 5158 haeretici
1786 5095 1952 5171 judicara-

167 5170 397 5266 laeculentum
410 5175 563 5255 Cypriani·
577 5179 615 5240 de
643 5179 878 5257 rebaptizatione
904 5195 1032 5242 couccs·
1078 5179 1141 5238 nir.
1158 5175 1374 5241 Absolarzrztnr
1383 5179 1543 5256 magistri,
1560 5177 1824 5240 condemnantur
1849 5178 1948 5240 disci-

167 5259 357 5332 mssa;.quod
371 5259 461 5319 eliam
475 5261 588 5323 indicat
599 5261 752 5324 Eusebius
765 5261 818 5322 lib.
833 5261 863 5323 l.
875 5261 947 5323 hist.
962 5279 1029 5341 cap.
1075 5259 1159 5336 padi,
1177 5263 1408 5339 comcmptoree
1434 5260 1592 5324 librorum
1616 5259 1678 5338 filii
1702 5261 1798 5337 regni
1822 5267 1944 5322 cram:

165 5335 196 5396 l.
212 5341 244 5398 ct
265 5343 366 5398 taruco
383 5347 501 5403 constat
515 5346 649 5405 eundem
667 5344 847 5425 Dionysium
860 5345 950 5422 paulo
964 5353 1032 5422 post
1077 5349 1249 5406 assertores
1259 5359 1335 5406 aero
1349 5343 1500 5423 pellenae
1523 5344 1688 5421 concipiet.
1716 5344 1796 5406 liorn
1817 5343 1891 5422 qais
1907 5345 1948 5404 il-

166 5423 302 5481 mutassc
323 5425 517 5501 senteutiam,
533 5443 592 5488 nec
607 5427 703 5490 luisse
719 5443 825 5489 ausum
842 5426 1031 5506 rebaptizare
1078 5423 1136 5488 lud
1148 5433 1336 5489 sanctorum
1350 5429 1508 5498 omnium,
1525 5433 1554 5487 el
1568 5428 1802 5503 conruperant,
1817 5429 1846 5486 el
1857 5442 1949 5487 azar·

164 5503 319 5580 quendam
335 5505 503 5578 homiaem,
518 5525 609 5586 quern
626 5515 709 5571 certo
725 5509 885 5572 constabat
909 5509 946 5571 ab
959 5513 1030 5572 hae·
1077 5513 1185 5588 lyram
1201 5509 1312 5572 lacten
1326 5508 1548 5572 beatissimum
1565 5506 1856 5588 Cypriannmpam
1871 5523 1946 5569 cae·

168 5583 274 5646 seticis
290 5587 484 5665 baptizatum,
497 5598 532 5651 ut
546 5591 627 5653 idern
643 5592 736 5656 reiert
756 5591 909 5655 Eusebius
926 5591 979 5656 lib.
998 5593 1027 5655 l.
1077 5591 1297 5669 remeditans
1318 5592 1385 5653 scis
1406 5593 1445 5654 in
1459 5597 1629 5653 aeternam
1644 5591 1766 5653 dubitet
1790 5597 1948 5669 rayno-ln-

164 5665 239 5730 hist.
256 5685 324 5748 cap.
340 5668 480 5749 eoum,
495 5673 577 5752 quod
592 5675 661 5755 ipse
676 5675 768 5740 etlam
780 5675 971 5756 Augustinus
996 5675 1028 5738 in
1071 5689 1152 5739 ,ιιιιιι
1166 5691 1232 5737 osse
1248 5690 1322 5737 erun
1338 5674 1478 5738 Christo?
1493 5678 1549 5736 ont
1574 5675 1646 5754 qais
1671 5681 1785 5738 cantra
1809 5679 1876 5736 tam
1890 5691 1945 5736 sa-
