4080 6306
869 373 1104 439 mmesttttus
1710 375 1762 436 122

71 511 213 576 maenia
228 507 334 576 millia.
361 507 607 582 terlucentem
631 523 738 576 omnes
763 507 803 608 ala
814 507 932 608 intanta
977 505 1833 608 nutemleuiucndeditpceeeaatcnenupuouiontdu

67 592 932 772 ‚lllltlillelltllslllltt.iultltlle
974 593 1827 772 lldl’fflilclliillillinct...

66 757 235 831 Hebraeis,
251 766 282 824 et
295 758 460 824 deridendo
475 766 570 826 tntum
591 773 822 840 uumerumper
835 758 931 841 ιιιιι·
975 757 1076 834 stolis,
1093 765 1126 823 ιι
1141 759 1218 822 nrbrl
1234 759 1488 837 possedeantncc
1501 773 1745 838 pecuniamncn
1757 759 1833 824 duas

67 842 278 916 tiduomillia,
294 840 468 916 eltloiuntur
482 849 583 924 partes
605 837 721 906 divisae
748 841 930 922 sexaginta,
975 838 1098 908 tunicas
1112 847 1173 906 etc.
1189 841 1309 906 ibidem
1334 841 1430 908 dicit:
1446 841 1514 906 llcu
1527 847 1573 904 est
1586 841 1766 921 discipulus
1779 856 1834 906 su·

68 939 147 1006 erpo
160 925 269 990 levitae
283 941 346 988 non
360 931 447 990 crant
458 941 531 1005 pers
551 923 757 990 tertiadecima
774 971 783 1000 ,
812 925 868 988 sed
882 924 931 990 ria
973 937 1036 1004 per
1047 923 1516 1004 mommorenciacensem
1531 923 1647 988 nullam
1662 925 1834 1004 possessio·

66 1004 930 1172 sustulisset.etelsus“lette
974 1004 1577 1170 subduplus
1590 1007 1833 1154 miili?

67 1172 166 1238 stiani
180 1109 307 1254 populi.J
315 1172 401 1236 llulls
414 1180 462 1236 est
477 1173 559 1238 eninr
575 1174 638 1236 lere
652 1173 754 1253 ampla
767 1171 933 1250 iamdiu-ex
973 1171 1133 1251 seipulua.
1149 1173 1186 1235 et
1200 1179 1284 1238 uerte
1298 1171 1404 1237 cleriei
1418 1187 1528 1236 omnes
1555 1172 1701 1256 discipuli
1717 1169 1829 1238 christi

66 1272 131 1336 qua
147 1272 209 1319 uon
225 1257 265 1319 sit
278 1255 389 1335 uliquis
404 1257 685 1331 ecclesiasticus,et
698 1255 802 1318 nullus
816 1260 863 1318 est
876 1257 930 1336 p'a·
977 1267 1050 1319 esse
1064 1254 1190 1322 debant.
1281 1293 1283 1298 .
1806 1272 1807 1285 ι

66 1353 143 1419 pus,
160 1338 212 1400 ubi
229 1354 290 1402 non
305 1338 346 1402 sit
359 1339 507 1419 templum
521 1354 637 1415 uuum,
660 1344 713 1402 aut
732 1337 818 1420 plura
832 1344 864 1414 et
877 1339 932 1404 uli·
1015 1336 1054 1400 et
1067 1337 1151 1400 hunc
1164 1351 1299 1402 errorem
1314 1334 1507 1402 meniiestum
1522 1335 1834 1418 csaa,prcbatur.t>rt·

69 1425 151 1503 quot
166 1423 357 1486 sacerdotes.
975 1433 1039 1496 mo,
1055 1420 1094 1484 de
1108 1419 1335 1496 sacerdotibus,
1350 1426 1382 1484 ιι
1396 1419 1495 1488 lenitis
1510 1419 1695 1484 Testamenti
1707 1421 1835 1484 vetans:-

111 1502 246 1576 bainna,
262 1502 448 1568 christianus
463 1503 565 1568 clerus
579 1500 748 1584 maioribus
773 1500 932 1569 laboribus
974 1501 1050 1566 Nam
1074 1503 1133 1568 etsi
1147 1503 1180 1565 in
1200 1503 1363 1584 partitione
1387 1506 1486 1568 terrae
1512 1517 1575 1565 nan
1600 1509 1688 1566 erant
1699 1502 1835 1566 babituri

67 1589 103 1648 ιι
113 1586 292 1667 sumptibus
306 1585 459 1652 obnoxius
473 1593 530 1660 est,
546 1603 637 1668 quarn
651 1585 749 1648 tribus
763 1585 884 1650 levitica
900 1601 931 1650 o·
976 1600 1067 1666 agros
1082 1592 1113 1651 ot
1128 1584 1335 1660 vinaceorum
1349 1585 1481 1651 babituri
1497 1591 1599 1649 ιιιιιι
1614 1590 1646 1648 ιι
1659 1586 1837 1665 possessuri

65 1673 117 1732 rat
131 1671 213 1748 opud
228 1669 376 1746 ludaeos,
390 1672 423 1730 nt
437 1667 764 1748 omittam-dignitatem
789 1669 932 1733 sacerdo·
974 1667 1071 1732 urbes
1084 1668 1122 1730 ad
1137 1668 1354 1744 habitandum,
1370 1675 1402 1733 et
1415 1667 1590 1734 suburbana
1604 1667 1642 1730 ad
1657 1667 1765 1732 alenda
1783 1683 1838 1748 pe·

66 1749 104 1814 tii
120 1751 219 1814 uestri
234 1751 514 1832 incomparabiliter
527 1751 673 1833 majorem
684 1766 775 1830 uuam
790 1753 932 1815 sacerdo·
976 1765 1060 1814 cors.
1076 1749 1218 1814 Poterant
1232 1751 1322 1816 etiam
1337 1766 1428 1832 apros
1442 1756 1475 1814 et
1486 1750 1591 1816 vineas
1606 1760 1726 1823 emere,
1746 1756 1777 1814 et
1792 1756 1837 1814 at·

67 1831 105 1894 tii
120 1833 275 1897 turonici.
291 1835 376 1898 lucc
387 1845 482 1896 unuln
497 1841 563 1898 erat
578 1833 741 1913 templum,
752 1849 834 1897 unus
856 1850 932 1914 pon·
976 1831 1037 1896 iam
1052 1847 1090 1896 ex
1104 1829 1312 1898 oblationibus
1326 1833 1433 1916 populi
1446 1831 1575 1910 habore,
1588 1837 1623 1897 ut
1637 1832 1730 1898 modo
1742 1832 1839 1910 babet

66 1913 147 1979 lites
159 1921 191 1979 et
204 1915 295 1997 pauci
310 1916 660 1995 quidamsauardnlesex
671 1915 737 1979 sola
749 1916 861 1980 tamilla
876 1916 933 1979 lla·
975 1913 1127 1978 Ecclesia:
1143 1915 1216 1980 llam
1231 1915 1355 1981 llumer.
1371 1916 1423 1980 35.
1438 1915 1551 1980 dicilur
1562 1914 1744 1996 :Prcecipe
1756 1913 1836 1994 liliis

66 2013 139 2070 ron,
157 2003 209 2077 nui
224 1999 379 2078 pernices
393 1999 425 2060 in
441 1999 556 2079 templo
571 1998 806 2073 ministrabant,
820 1996 933 2078 reliqui
974 1997 1127 2070 screatu
1140 2000 1217 2064 deut
1230 1999 1333 2064 unitis
1347 2000 1388 2064 dc
1399 1998 1654 2080 possessionibus
1663 1999 1731 2063 auis
1741 1997 1837 2064 urbes

66 2095 183 2144 omnes
201 2087 288 2144 erant
302 2081 390 2146 turba
405 2081 600 2146 tumulorum.
614 2080 650 2144 ιι
664 2097 746 2144 nunc
759 2087 832 2144 sunt
843 2081 933 2144 innu·
976 2081 1023 2144 nd
1036 2079 1264 2155 namucensi,
1275 2081 1506 2148 etsubmbcca
1517 2095 1633 2146 eurum
1644 2098 1706 2162 per
1718 2083 1838 2146 ιιιιιι·

66 2165 497 2244 meratemplacousernauda
509 2163 936 2244 sumptibusbcclasiae,suut
977 2168 1069 2237 tutu,
1086 2180 1172 2246 quoe
1186 2181 1208 2228 c
1221 2166 1325 2230 muris
1338 2167 1505 2230 cdutntuns
1513 2165 1692 2245 {nummus
1703 2179 1764 2244 per
1776 2166 1837 2228 cir·

66 2247 163 2312 etiam
182 2247 304 2325 plurimi
319 2245 459 2326 episcopi
484 2253 514 2310 et
528 2247 654 2327 praelati
670 2293 679 2322 ,
696 2261 818 2311 necnon
838 2247 932 2312 innu·
976 2247 1102 2310 ercitum
1116 2247 1213 2312 -mttta
1228 2263 1387 2327 passuum
1406 2249 1512 2328 spelm
1537 2248 1722 2313 mudantur.
1737 2246 1775 2310 llt
1787 2245 1839 2312 lc·

65 2329 149 2394 meri
164 2329 352 2403 seponentes,
368 2329 419 2408 oui
430 2329 512 2394 docti
534 2345 604 2396 esso
619 2329 743 2405 debent,
760 2335 791 2394 et
802 2329 932 2410 proinde
975 2343 1033 2394 sue
1047 2328 1099 2392 itt.
1115 2328 1146 2394 id
1161 2327 1294 2410 lemnus
1307 2331 1480 2409 impletum.

65 2411 203 2476 multum
218 2413 249 2476 in
263 2412 375 2476 studiis
387 2414 429 2476 err
442 2412 626 2492 patrimonio
647 2428 706 2476 suc
721 2413 878 2476 insumere
901 2417 932 2478 et
976 2483 982 2498 ,
1016 2410 1123 2492 lienus
1137 2407 1237 2478 obstat
1251 2415 1333 2494 quod
1348 2414 1538 2496 Lyrenns‘ln
1552 2411 1676 2476 Numer.
1693 2410 1746 2476 35.
1761 2409 1837 2484 dicit

66 2500 180 2574 postea
196 2511 256 2558 non
269 2510 325 2575 per
339 2494 440 2568 vices,
456 2495 512 2559 sed
528 2499 677 2575 perpetuo
704 2494 860 2558 docleatae
875 2495 931 2560 nri·
977 2508 1031 2558 ιιι
1045 2494 1141 2560 urbas
1155 2496 1252 2560 luisse
1267 2499 1485 2571 secerdotum,
1503 2495 1603 2576 maced
1619 2510 1721 2571 usum,
1737 2493 1835 2582 domi·

66 2577 211 2642 nistoriis
225 2578 347 2653 adesse,
362 2593 441 2658 quos
455 2584 539 2642 certe
551 2577 681 2642 honeste
694 2593 750 2658 pro
765 2583 861 2642 status
882 2578 932 2644 sul
968 2575 1062 2640 ¹nium
1076 2583 1179 2643 autem
1193 2593 1296 2642 aarum
1310 2579 1407 2644 luisse
1422 2594 1520 2660 penes
1534 2576 1664 2642 aliosdt
1676 2577 1784 2660 probpt
1796 2578 1836 2642 de

66 2658 250 2726 conditione
263 2659 396 2724 nivenen
438 2664 499 2725 rtet
511 2677 549 2724 sa
562 2661 718 2724 licelesiae
733 2660 835 2726 bonis.
974 2659 1099 2724 ilebrou
1113 2707 1123 2735 ,
1138 2675 1217 2742 quaa
1231 2661 1300 2726 data
1315 2669 1363 2726 est
1377 2659 1610 2734 sacerdotibus,
1624 2659 1721 2724 'lusus
1734 2660 1787 2724 2t.
1803 2665 1836 2724 et

108 2741 167 2805 llis
181 2741 310 2818 accedit,
324 2759 385 2825 quc
422 2743 510 2806 multi
534 2747 607 2808 suet
630 2744 721 2807 liberi
743 2759 759 2805 a
774 2743 932 2810 solvendis
976 2743 1078 2806 ιιιιιι
1093 2743 1236 2807 dominus
1250 2743 1319 2826 e'jus
1333 2750 1397 2808 erat
1412 2743 1505 2808 Galeb
1521 2743 1560 2806 de
1575 2743 1653 2806 tribu
1668 2741 1767 2816 luda,
1783 2742 1834 2805 lc·

67 2823 215 2898 decimis,
231 2826 317 2888 multi
333 2841 371 2890 ex
385 2825 498 2890 malitia
518 2841 581 2890 non
595 2826 738 2901 solvunt,
768 2833 821 2889 aut
847 2832 932 2892 nerle
975 2841 1033 2889 sus
1049 2825 1100 2888 ll.
1117 2827 1183 2890 llcc
1197 2841 1260 2889 nou
1274 2829 1397 2891 obstat:
1413 2826 1486 2890 llam
1500 2826 1637 2906 incanus
1651 2825 1784 2897 tsttltua,
1800 2830 1836 2888 ut

67 2922 135 2970 nnn
151 2909 244 2986 plene
258 2914 289 2972 et
302 2907 446 2973 fideliler.
455 2909 555 2988 Saepe
569 2909 659 2973 etiam
670 2915 808 2990 rages-et
818 2909 931 2988 princi·
976 2913 1060 2988 petet
1074 2923 1113 2972 ea
1127 2908 1223 2972 benit.
1235 2909 1343 2973 sembi
1359 2910 1491 2990 legimus
1500 2908 1600 2974 urbas
1610 2907 1645 2972 'ct
1658 2907 1840 2972 suburbano

66 3005 128 3070 pes
144 3007 209 3054 uon
223 2991 325 3056 solum
339 3007 402 3054 nnn
417 2991 551 3066 solvunt,
572 2991 629 3059 sed
650 2992 743 3056 etiam
767 2991 932 3072 impetrant
975 2991 1170 3055 sacerdotum
1184 3007 1254 3055 asse
1268 3007 1374 3055 eornm
1391 2990 1632 3072 possessionem,
1648 2997 1680 3055 et
1695 3003 1787 3070 pesse
1799 2989 1838 3052 il·

67 3071 108 3136 ab
120 3070 262 3137 Ecclesia
276 3072 465 3138 decimarum
480 3079 596 3154 partem
611 3074 643 3138 iu
654 3073 828 3140 subsidium
841 3074 928 3154 belli,
974 3071 1022 3138 las
1036 3075 1182 3151 rendere,
1200 3081 1230 3138 et
1245 3075 1397 3140 redimere
1413 3075 1540 3147 domos,
1556 3080 1590 3136 ut
1605 3073 1655 3137 alli
1670 3072 1835 3158 iaciebant,

66 3155 475 3236 aliorumquepublicorum
492 3163 683 3238 sumptuum.
720 3185 722 3196 ν
817 3166 832 3236 ᾖ
975 3160 1007 3222 et
1021 3155 1061 3221 de
1074 3155 1200 3222 Hebron
1213 3157 1347 3239 legimus
1360 3156 1455 3222 iosus
1468 3157 1520 3220 21.
1537 3158 1665 3232 salusa
1689 3154 1837 3220 rosotri·

109 3235 266 3318 lienique,
282 3255 350 3302 eum
367 3241 501 3318 populus
515 3239 706 3306 Christianus
730 3238 844 3306 debeat
858 3253 930 3307 essa
978 3253 1056 3304 neas
1070 3281 1078 3314 ,
1094 3255 1173 3320 quae
1188 3247 1275 3303 amnt
1288 3242 1320 3303 iu
1337 3241 1487 3304 territorio
1507 3237 1654 3317 Hebron,
1683 3237 1768 3301 uisse
1782 3235 1837 3302 ea-

66 3320 252 3400 perlectior,
267 3337 357 3403 quant
371 3321 527 3396 luduicus,
544 3327 578 3386 ut
591 3323 703 3387 dicitur
726 3323 834 3388 llaltb.
856 3323 887 3387 5.
904 3323 931 3388 si
975 3319 1040 3398 lab,
1056 3321 1166 3386 urbam
1180 3329 1281 3386 autern
1293 3329 1327 3386 et
1341 3323 1517 3386 suburbana
1530 3320 1743 3386 sacerdotum.
1759 3317 1837 3384 item

65 3402 123 3466 ille
138 3402 291 3468 decimam
306 3419 433 3470 suorum
450 3405 602 3468 bonorum
618 3405 710 3469 dabat
722 3405 931 3480 Benearnum
975 3403 1073 3470 Lavit.
1089 3405 1383 3486 ult.praeeipitur,ut
1398 3406 1425 3468 si
1442 3405 1511 3488 quis
1525 3419 1631 3486 agrum
1647 3403 1776 3466 bomine
1787 3417 1838 3466 ιι·

65 3486 252 3550 tantundem
265 3487 373 3551 saltem
388 3487 479 3552 leniet
493 3486 811 3570 christianustltaquo
824 3504 932 3553 aarum
976 3488 1067 3560 ecrit,
1082 3502 1155 3552 eum
1171 3485 1349 3553 sacerdotes
1363 3488 1556 3568 possideant.
1577 3486 1609 3550 ll.
1624 3486 1700 3564 leeg.
1716 3483 1749 3548 2.
1764 3484 1842 3574 dicit

67 3568 213 3648 estquod
227 3570 297 3633 loco
311 3577 413 3634 notato
428 3570 502 3635 dicit
516 3571 548 3634 b.
564 3571 719 3649 tucmcs,
737 3573 818 3635 bane
832 3572 933 3636 dotcr-
977 3585 1033 3632 rea
1047 3569 1192 3634 dbiatbar
1205 3570 1460 3636 sacerdcttzvodc
1471 3571 1517 3634 ud
1527 3584 1645 3650 aprum
1654 3567 1837 3633 rusulum

67 3651 273 3716 minationem
287 3651 445 3718 Ecclesiae
458 3659 600 3732 respectu
614 3654 721 3735 populi
744 3668 815 3718 esse
827 3654 934 3718 huma·
976 3651 1147 3718 Hieremias
1162 3652 1308 3717 sacerdos
1323 3659 1400 3728 orat,
1412 3659 1443 3717 et
1457 3659 1557 3717 tamen
1569 3649 1836 3714 flicrenuuscrt·

68 3732 193 3798 niorem
206 3750 243 3799 ιι
257 3735 481 3816 benigniorem,
498 3753 590 3818 quam
617 3736 703 3819 rigor
728 3735 867 3820 iustitiae
880 3737 934 3802 ab·
977 3734 1024 3799 bit
1036 3735 1170 3814 ipsemet
1193 3751 1228 3798 sc
1242 3735 1357 3800 emisse
1381 3751 1418 3799 ac
1432 3735 1612 3815 possedisse
1633 3749 1739 3812 aprum
1756 3779 1765 3810 ,
1782 3733 1835 3815 qui

70 3817 376 3899 solutaepateretur.
694 3865 699 3874 .
895 3833 906 3844 ¹*
975 3816 1078 3882 fuerat
1090 3817 1240 3898 patruelis
1254 3818 1314 3881 sul.
1330 3817 1368 3880 lit
1380 3817 1653 3897 eclectnapmus
1667 3815 1837 3880 brumbam

395 3925 401 3940 ·
537 3927 539 3932 ·
974 3898 1834 3981 iltissalevitametrendidlsseaprumqnernbabebat.

1014 3981 1057 4046 lla
1072 3983 1123 4046 bis
1149 3983 1237 4047 lacile
1257 3987 1305 4047 asi
1319 3982 1512 4063 respendere
1537 3982 1574 4046 ed
1594 3982 1732 4061 primum
1747 3997 1836 4062 argu·

281 4099 284 4110 ·
532 4076 536 4090 '
900 4093 903 4104 ·
973 4070 1112 4129 mentum
1127 4064 1257 4130 lliclell.
1274 4065 1401 4140 Quande
1417 4065 1503 4128 enim
1517 4064 1670 4144 Scriptura
1685 4063 1771 4135 dicit,
1788 4079 1837 4126 sa·

381 4147 498 4215 clade
512 4149 615 4218 xllll.
647 4187 652 4194 ·
974 4149 1117 4214 cardeles
1132 4165 1194 4212 non
1209 4147 1358 4212 debuisse
1373 4148 1488 4212 babere
1503 4146 1689 4230 quidquam,
1704 4146 1760 4210 sed
1774 4143 1835 4209 Do·

975 4229 1094 4296 minum
1109 4246 1181 4298 esse
1195 4247 1301 4298 eorum
1317 4231 1536 4296 haereditatem
1550 4277 1559 4305 ,
1574 4229 1639 4293 nult
1652 4229 1756 4292 dicere
1771 4243 1835 4292 nou

585 4339 596 4362 ·
691 4339 695 4346 ·
977 4311 1125 4378 debuisse
1140 4329 1195 4378 eos
1210 4313 1326 4378 babere
1340 4313 1506 4394 quidquam
1522 4311 1837 4384 marcellorumtan·

155 4391 200 4460 lie
212 4395 478 4475 possessionibus,
495 4413 580 4479 puae
592 4400 677 4463 douc
692 4398 933 4477 tcmoutmpoa·
978 4411 1070 4476 quarn
1083 4394 1164 4460 illios
1178 4394 1319 4471 innobet
1332 4411 1370 4458 ea
1381 4394 1506 4476 paterna
1517 4393 1776 4460 baereditatezsed
1788 4405 1838 4456 so·

338 4479 490 4556 sidentur·
503 4498 526 4546 ι
539 4483 675 4547 clerium.
977 4475 1041 4541 lltllt
1057 4478 1170 4542 babere
1195 4479 1343 4542 debuisse
1365 4494 1425 4557 ιι,
1442 4490 1520 4560 quae
1544 4477 1737 4545 debebantur
1750 4474 1836 4549 bec,

978 4560 1070 4640 eujus
1093 4561 1156 4641 ipsi
1171 4561 1301 4625 ministri
1315 4568 1425 4640 erapt3
1440 4561 1540 4626 etsie.
1551 4561 1663 4626 laetum
1679 4567 1727 4623 est
1740 4577 1749 4636 3
1766 4559 1836 4622 llam

977 4645 1039 4708 tota
1054 4649 1132 4712 terra
1148 4643 1336 4707 Palaestinae
1347 4645 1434 4725 quasi
1446 4645 1595 4726 quaedam
1608 4641 1782 4707 baereditas
1794 4642 1838 4710 di

112 4725 161 4790 lle
172 4723 426 4802 possessionibus
441 4727 662 4794 ecclesiasticis
676 4727 732 4792 iuit
743 4743 829 4792 error
841 4725 934 4790 insu·
977 4726 1043 4788 risa
1057 4725 1115 4790 luit
1127 4727 1164 4789 in.
1174 4725 1337 4790 duodecim
1353 4733 1455 4804 perles
1474 4744 1530 4808 pro
1546 4735 1677 4790 numero
1691 4725 1837 4796 tribuum,

69 4809 124 4874 nis
147 4807 278 4883 llieleil,
291 4810 378 4888 apud.
388 4811 535 4877 Tbcmem
550 4809 746 4876 waldensem
760 4809 817 4874 lib.
832 4809 864 4873 t.
879 4808 935 4873 do·
978 4806 1103 4872 exclusa
1118 4807 1244 4871 omnino
1259 4808 1340 4872 tribu
1355 4808 1526 4892 Lacipaea.
1536 4816 1602 4875 crat
1617 4807 1837 4874 decimotertio.

69 4891 167 4956 ιιιίι.
181 4889 255 4956 ildei
268 4891 355 4956 artic.
371 4892 403 4956 ll.
418 4895 472 4990 qui
486 4895 617 4960 docebat
631 4910 692 4959 nnn
704 4895 798 4958 licere
812 4891 935 4956 clericis
985 4915 992 4954 .·
1019 4887 1093 4958 dau
1119 4891 1176 4956 etsi
1191 4889 1354 4956 duodecim
1381 4897 1497 4956 tantum
1512 4893 1624 4956 luerint
1649 4889 1706 4956 lilii
1719 4886 1814 4952 Jacob
1829 4933 1837 4962 ,

69 4975 192 5040 babere
206 4975 285 5040 ullas
296 4989 513 5051 possessrcnes
527 4983 559 5040 et
571 4991 720 5055 peccasse
736 4982 796 5039 tarn
809 4973 863 5055 qui
880 4989 934 5040 aas
978 4970 1077 5036 tribus
1093 4978 1192 5038 tomen
1208 4973 1426 5049 lueruntlllll,
1436 4976 1504 5052 quia
1520 4974 1637 5055 loseph
1648 4973 1727 5037 duas
1741 4971 1839 5048 tribus

72 5059 270 5122 dcuarsruut
284 5057 444 5124 Ecclesiae
468 5074 560 5138 quarn
583 5059 636 5141 dui
661 5073 715 5123 ens
735 5062 933 5137 receperunt.
979 5054 1274 5132 iaciebat,nimlrum
1290 5055 1433 5136 ltpbrnim
1448 5063 1480 5120 ct
1493 5052 1838 5120 bunasseltctndetcr-

70 5141 288 5204 Fundamenta
299 5139 368 5220 ejus
383 5139 460 5204 baeu
474 5141 778 5223 suntlrimumquia
791 5139 937 5204 sacerdo·
981 5153 1017 5202 aa
1027 5137 1091 5218 jam
1106 5138 1339 5211 dissuasioni
1355 5138 1657 5216 cxbsercdatnbeus
1671 5135 1768 5201 noluit
1778 5136 1838 5200 sibi

70 5221 436 5292 tesi'ostameatlretaris
448 5223 938 5303 prohibebanturbsbaraposses·
982 5223 1127 5299 tanquam
1142 5220 1268 5302 proprio
1280 5219 1347 5299 red
1359 5218 1545 5284 iudaeorum
1571 5221 1636 5284 dari
1650 5217 1839 5284 locctributi

71 5321 145 5378 nes.
162 5312 197 5370 ut
210 5310 294 5386 patet
307 5304 579 5372 depectentes
591 5308 745 5371 Dominus
759 5301 936 5387 adseren,
982 5301 1132 5366 decimam
1148 5309 1265 5385 partem
1276 5301 1413 5366 omniurn
1433 5304 1605 5382 tractuum,
1623 5310 1654 5367 et
1667 5301 1719 5366 te.
1735 5301 1837 5366 elrita·

75 5391 223 5454 ιιιιιιτιι
236 5404 350 5453 aarum
371 5387 671 5469 uibilpcasidebitis
684 5436 693 5465 ,
708 5403 769 5452 nec
782 5385 938 5449 babebitis
982 5389 1116 5450 toscum
1140 5385 1326 5451 suburbanis
1341 5385 1428 5458 suis,
1444 5391 1476 5448 et
1497 5386 1574 5450 baeu
1599 5387 1700 5452 omnia
1715 5384 1839 5449 donarit

71 5477 205 5550 purtem
218 5472 306 5537 iuter
318 5485 445 5552 aesopo
457 5487 534 5550 pura
549 5477 579 5536 et
592 5473 776 5536 ιιιιιιιιιιι
790 5468 937 5533 multam
982 5465 1050 5546 ipsc
1064 5467 1164 5532 lenitis
1178 5485 1187 5544 ς
1203 5467 1288 5545 Quae
1303 5469 1401 5547 portio
1416 5468 1589 5552 levitarum,
1607 5477 1639 5534 ut
1653 5483 1747 5548 supra
1761 5467 1837 5531 diri·

73 5553 235 5620 Doubdd.
254 5552 467 5632 Qrtnmobreen
489 5571 559 5620 non
569 5551 681 5619 babuit
701 5553 934 5632 teutpcetem,
980 5565 1072 5623 mus,
1089 5548 1188 5632 major
1202 5548 1259 5613 luit
1272 5563 1465 5630 quacumque
1489 5553 1629 5631 portione
1643 5553 1772 5618 aliarum
1786 5549 1838 5614 tri·

73 5639 385 5719 necpcssoasionem
409 5637 647 5718 cumfratribus
670 5635 758 5712 auis,
775 5633 882 5714 pauc·
919 5645 936 5696 a
979 5630 1089 5711 buum;
1104 5631 1178 5696 llam
1192 5630 1367 5696 babuerunt
1379 5632 1528 5697 decimam
1543 5643 1762 5716 partam,cum
1776 5631 1837 5714 ipsi

73 5720 405 5802 Dmutnampcsaoaaic
429 5719 499 5802 ejus
513 5715 810 5785 albucensis.
873 5717 880 5731 '
980 5715 1354 5799 ιιιιιιιιιιιιιιιιιιιιι
1370 5732 1440 5806 pars
1456 5716 1836 5802 totluapcputlntbocaa·
