4110 6310
277 321 330 379 161
848 321 891 380 ub
910 321 1101 383 tittoln'tso's
1122 319 1321 383 sanctonum

202 455 243 518 lo:
261 463 292 520 et
306 456 540 538 chrysostomus
554 457 638 520 bom.
655 455 706 520 66.
729 455 760 518 16
781 455 915 537 priorem
937 458 974 520 ad
997 456 1052 520 (lo-
1097 457 1184 530 bere,
1199 471 1240 518 ne
1254 454 1297 529 id,
1313 451 1395 534 quod
1407 453 1547 518 adoratur
1561 459 1591 516 et
1606 453 1725 532 colitur,
1742 455 1773 518 in
1786 452 1972 535 parietibus

202 539 338 618 rintbios
348 541 431 617 dicit,
449 542 595 620 temptam
611 539 850 602 Christianorum
872 556 943 602 esse
964 541 1053 620 quasi
1096 541 1289 620 depingatur,
1305 539 1396 611 idest,
1414 555 1452 600 ne
1478 536 1633 615 contingat
1653 554 1719 600 rent
1735 555 1852 600 sacroru
1867 542 1899 597 el
1912 552 1972 596 re-

202 625 319 701 regiam
334 625 424 694 coeli,
441 623 505 686 sire
521 629 662 685 terrestre
677 623 829 702 quoddam
850 624 982 686 coelum.
1006 623 1053 687 si·
1095 623 1276 692 nerubilem,
1290 622 1398 698 quales
1413 627 1485 684 sunt
1499 628 1621 682 sunctae
1636 620 1798 699 imagines,
1813 623 1844 680 in
1862 621 1973 696 parie-

202 714 253 768 cut
268 722 341 784 ergo
354 706 501 784 templum
517 712 566 768 est
580 707 679 785 imago
694 705 786 780 coeli,
810 707 849 768 ita
862 705 962 778 dccet,
976 712 1008 767 ut
1022 707 1052 768 in
1096 705 1178 778 tibus
1192 720 1273 779 esse,
1291 702 1343 765 ubi
1358 703 1501 766 facillime
1516 711 1759 780 corrumpantur.
1776 705 1854 765 lluic
1867 719 1970 778 expo·

202 789 270 866 ipso
293 790 406 866 templo
422 788 484 850 sint
512 789 661 868 imagines
683 805 787 851 eorum
806 832 813 859 ,
829 789 888 866 qui
911 788 941 850 16
965 792 1052 859 66616
1097 789 1199 850 6111661
1216 785 1374 866 aptissime
1388 786 1616 866 convenitratio
1631 788 1769 849 canonis.

201 877 284 944 sunt,
300 868 506 941 idesl,Cbristi
523 879 553 933 ct
567 879 753 934 sanctorum.
769 869 976 948 beniquembi
990 888 1053 934 me·
1138 871 1223 932 noue
1237 861 1404 948 posiremo,
1431 867 1581 948 quidquid
1604 869 1767 931 concilium
1795 867 1939 930 statuerit
1955 915 1965 933 ,

199 952 259 1013 1166
275 961 428 1032 ponentur
443 954 593 1032 imagines
608 961 793 1022 sanctorum,
808 969 897 1032 quam
912 955 942 1014 in
956 956 1053 1036 domi7
1097 951 1193 1031 magis
1206 951 1282 1017 illud
1303 952 1468 1014 concilium
1483 966 1554 1014 essa
1569 965 1623 1028 pro
1650 951 1752 1020 nobis,
1777 968 1868 1030 qnam
1885 967 1965 1010 cuo·

199 1035 258 1095 bus
275 1035 424 1112 ipsorum,
439 1037 530 1110 idest,
550 1040 578 1097 in
595 1037 731 1098 basilicis
747 1036 988 1113 sanctorum,ubi
1006 1053 1053 1101 rc·
1097 1039 1140 1096 tra
1157 1051 1225 1107 uos:
1240 1049 1311 1095 narn
1326 1040 1430 1095 contra
1447 1049 1503 1096 nos
1529 1039 1643 1094 tanturn
1669 1049 1740 1096 esse
1761 1041 1866 1112 potest
1888 1051 1968 1092 cao-

203 1117 316 1195 1166166
331 1117 469 1196 ipsorum
485 1119 675 1198 quiescunt?
1097 1114 1263 1179 61116619.
1280 1115 1508 1195 episcoporum,
1525 1116 1606 1193 quod
1633 1117 1818 1192 provinciale
1845 1117 1917 1186 luit,
1932 1123 1966 1176 et

240 1200 282 1260 ld
297 1201 427 1278 primum
441 1209 652 1280 argumentum
665 1206 746 1280 patet
758 1199 880 1263 solutio.
893 1198 957 1263 Non
971 1202 1052 1264 enim
1098 1201 1224 1261 minime
1238 1199 1461 1271 contlrmatum,
1485 1204 1515 1260 et
1541 1200 1570 1260 in
1587 1198 1655 1260 aliis
1683 1199 1816 1262 decretis
1843 1200 1971 1260 ridetur

201 1278 276 1360 illqd
293 1290 517 1362 argumentum.
535 1286 588 1346 scd
604 1285 794 1354 mendacium
809 1283 876 1344 iuit.
917 1321 919 1324 -
1099 1299 1230 1352 errasse,
1249 1284 1428 1358 praesertim
1444 1297 1514 1344 oum
1542 1281 1572 1342 in
1596 1279 1734 1356 plurimis
1763 1281 1903 1354 casibuS,
1923 1299 1962 1342 ne

241 1363 285 1426 bd
302 1367 473 1427 secundum
495 1365 590 1446 Papia
613 1366 791 1448 respondet,
813 1365 978 1428 concilium
1000 1368 1055 1430 cli·
1096 1363 1129 1424 in
1145 1363 1410 1442 articuloquidebr
1426 1363 1534 1427 mortis
1558 1363 1631 1426 velit
1657 1364 1773 1427 absolvi
1800 1366 1967 1443 poeniten-

198 1445 459 1511 bcrtinumsolom
473 1449 637 1526 probibere
649 1449 811 1528 imaginem
824 1448 974 1528 Del,quue
987 1449 1054 1528 pin·
1098 1452 1171 1509 tem.

197 1529 279 1608 gitur
294 1531 330 1591 ad
346 1529 445 1610 ipsius
459 1531 513 1594 llel
529 1531 660 1612 elligicm
677 1533 978 1610 repraesentandam.
993 1533 1051 1595 Sed
1085 1597 1093 1619 ⁸
1137 1529 1205 1606 (Sic
1220 1529 1309 1591 enim
1323 1529 1459 1608 accipio,
1476 1529 1563 1608 quod
1578 1529 1626 1590 ait
1650 1529 1849 1602 concilium,
1877 1545 1967 1590 com·

199 1627 259 1672 666
282 1614 400 1674 ridetur
422 1615 620 1688 satistacere‚
645 1621 707 1677 tarn
731 1613 800 1692 quia
823 1614 986 1676 concilium
1009 1618 1052 1678 lo·
1097 1616 1288 1674 montonem
1311 1613 1389 1674 daci
1414 1612 1562 1694 quamuis
1582 1627 1653 1674 non
1674 1613 1805 1682 desim,
1829 1613 1890 1690 qni
1904 1629 1968 1688 per

198 1695 347 1770 quitario
365 1712 480 1776 genero
497 1697 535 1757 de
551 1697 691 1775 picturis,
708 1703 769 1757 turn
785 1695 876 1758 etiam
897 1698 967 1774 quia
991 1715 1054 1760 non
1097 1693 1966 1772 commonionemacciptantaotamaacoonactamato·

199 1783 264 1837 arat
279 1778 308 1838 in
325 1795 384 1840 usu
407 1795 444 1840 eo
466 1785 614 1857 ternpore,
639 1779 731 1840 immo
754 1795 811 1840 nec
833 1795 966 1858 unquam
988 1781 1054 1842 lue·
1094 1794 1171 1840 ocor
1186 1784 1295 1839 autem
1310 1776 1567 1839 bisantionibue.
1588 1777 1723 1851 Prima,
1747 1777 1910 1857 quoniam
1927 1781 1965 1838 in

199 1867 269 1921 runt
284 1861 314 1921 in
330 1859 469 1924 Ecclesia
485 1862 563 1938 talos
580 1863 741 1940 imagines
758 1875 835 1938 quoe
853 1867 925 1924 sunt
938 1879 1007 1924 aera
1030 1864 1054 1925 i·
1094 1861 1165 1938 ipsa
1181 1861 1346 1921 elibertina
1362 1861 1502 1922 concilio
1516 1874 1575 1936 pro
1592 1860 1705 1922 eadem
1730 1861 1895 1938 accipitur
1909 1875 1964 1920 rc·

198 1942 317 2004 dolant
332 1942 523 2022 ostendimus
539 1961 628 2022 supra
643 1937 824 2005 testimoniis
837 1941 1053 2023 origenista-
1097 1943 1282 2006 conciliatio
1298 1948 1327 2003 61
1341 1943 1537 2017 commonia·
1558 1957 1638 2004 nom
1650 1957 1724 2003 can.
1750 1940 1801 2003 aa.
1816 1943 1865 2003 sic
1881 1942 1963 2018 tepi-

197 2024 312 2102 gustinl
342 2025 771 2090 61616666661ε6666111666
795 2032 893 2089 autem
917 2027 1053 2104 loquitur
1095 2041 1179 2094 mos,
1194 2026 1318 2102 placuit
1333 2027 1389 2102 opi
1413 2026 1527 2088 666666
1540 2024 1783 2102 poenitentiam.
1801 2025 1962 2086 6161666-

198 2109 236 2169 de
254 2123 303 2180 66,
320 2111 401 2187 quod
417 2108 484 2171 lleri
498 2109 629 2182 6616661,
639 2116 669 2172 61
684 2109 836 2172 interdicit
851 2127 889 2174 ne
904 2109 1053 2192 deinceps
1097 2109 1278 2182 conciliari,
1301 2109 1368 2170 nisi
1393 2109 1568 2170 necessitas
1593 2106 1792 2184 infirmitatis
1814 2107 1961 2182 adaperit

195 2189 258 2250 tlat.
558 2187 561 2262 s
665 2189 668 2198 '
1096 2189 1963 2269 6616166666666666666616666611616666616666

234 2271 375 2335 Nicotaus
391 2271 547 2335 Sanderus
563 2272 616 2334 lib.
633 2271 663 2332 2.
681 2273 719 2334 dc
735 2273 820 2336 66116
834 2269 998 2352 imaginum
1022 2295 1050 2340 c.
1096 2289 1163 2335 esse
1176 2273 1401 2344 reconciliare,
1430 2281 1459 2336 ct
1484 2273 1563 2336 dore
1591 2273 1854 2336 communionem
1873 2319 1881 2333 .
1898 2280 1961 2333 661

192 2354 224 2415 l.
236 2354 587 2432 respoadattdoncilium
602 2355 678 2416 illud
692 2355 890 2432 prohibuisse
903 2360 1051 2438 imagines
1096 2363 1178 2418 certe
1191 2355 1312 2434 inipso
1326 2355 1552 2418 comamanione
1564 2355 1694 2418 includi
1716 2355 1959 2417 reconciliatio·

195 2436 226 2496 in
244 2437 379 2516 templis,
396 2438 466 2515 quia
482 2445 605 2518 tempus
621 2444 651 2499 et
673 2439 760 2500 locus
782 2440 811 2500 ia
842 2439 1049 2516 requirebant.
1093 2455 1180 2502 nem.
1197 2437 1346 2500 66166661
1360 2439 1447 2501 onim
1460 2444 1831 2500 aetcreasaaromeotom
1843 2453 1963 2498 recon-

191 2519 545 2598 'l'unccnimpericulum
556 2525 673 2589 eratne
684 2522 816 2600 gentiles
829 2521 1049 2597 existimarent,
1095 2522 1270 2584 uitiationis
1284 2537 1410 2598 semper
1424 2521 1621 2598 6661666666
1648 2535 1724 2581 com
1745 2525 1957 2582 sacramenta

195 2599 461 2664 nostros’adorore
475 2602 556 2682 ligna
574 2609 604 2664 61
618 2601 753 2682 lapides:
771 2621 807 2684 ac
822 2603 956 2684 deniqne
971 2609 1052 2686 peri·
1096 2604 1322 2666 eucharistiae.
1339 2604 1379 2664 Et
1391 2603 1466 2666 ideo
1481 2603 1697 2664 Tertullianus
1708 2609 1738 2664 61
1754 2601 1957 2683 Cyprianus.

193 2687 296 2746 «tulum
312 2690 430 2755 eratne
445 2683 477 2746 in
492 2687 785 2766 persequutionibus
801 2687 932 2749 tuissent
945 2688 1051 2769 imagi·
1095 2693 1123 2748 61
1139 2687 1199 2748 olii
1212 2687 1382 2764 scriptores
1397 2685 1542 2763 citandam
1552 2686 1756 2764 antiquitatis
1769 2687 1964 2762 procudam

192 2765 1049 2848 nescoutumeliaailectaeapersequutoribusllaccso-
1094 2770 1261 2846 accipiant
1288 2767 1568 2850 communionem.
1604 2768 1909 2831 reconciliationem
1931 2775 1962 2829 et

193 2849 269 2911 tutio
284 2850 364 2912 bona
381 2857 438 2912 est.
1091 2868 1217 2930 pacem.
1234 2850 1393 2926 Secundo,
1410 2852 1491 2929 quic
1503 2866 1530 2912 s.
1545 2849 1754 2913 Innocentius
1764 2851 1802 2912 in
1816 2851 1964 2928 66161661

230 2929 336 3011 Neque
351 2933 452 2994 obstat
473 2930 554 3010 quod
578 2933 702 3010 quidam
726 2932 842 3006 dieunt,
866 2935 926 2997 boc
947 2937 1050 2998 conci·
1096 2935 1387 3012 liacuperiamcap.
1404 2933 1436 3017 2.
1450 2932 1888 3012 donipeasobecroatioaem
1902 2949 1965 2994 66·

189 3014 265 3075 lium
281 3014 468 3077 celebratum
484 3015 581 3077 luisse
598 3021 666 3094 post
681 3015 844 3078 concilium
862 3018 1042 3088 nicaenum,
1093 3018 1229 3097 tiquam,
1246 3017 1353 3096 qualis
1376 3016 1438 3092 fait
1454 3021 1596 3095 tempore
1610 3016 1742 3078 concilii
1765 3015 1933 3078 elibertina·
1954 3063 1962 3081 .

191 3103 222 3157 ct
238 3096 367 3175 proinde
389 3113 451 3158 non
466 3095 562 3159 luisse
578 3099 746 3176 periculum
762 3101 1047 3183 persequutionum3
1093 3102 1173 3161 sotis
1188 3107 1297 3176 aperte
1309 3099 1435 3162 indicat
1452 3146 1460 3168 ,
1486 3101 1687 3161 commouisse
1712 3099 1958 3176 paenitentibus

192 3193 261 3240 nam
283 3195 389 3241 revera
411 3179 577 3242 concilium
601 3181 659 3241 boc
680 3181 866 3243 celebratum
896 3183 951 3244 luit
978 3189 1048 3247 ante
1093 3182 1274 3248 nonnullis.
1290 3179 1962 3260 ettamenpacatianaepariracoacilic-

192 3261 447 3336 nicaenum‚cum
463 3261 565 3324 adbuc
580 3260 724 3324 durarent
737 3266 1005 3344 persequutiones,
1016 3272 1049 3329 ut
1092 3266 1223 3327 tionem.
1241 3263 1428 3342 6666611666
1440 3271 1507 3338 661,
1533 3265 1655 3343 inquit.
1671 3265 1754 3342 quid
1777 3265 1819 3326 dc
1834 3264 1886 3324 bis
1903 3263 1958 3324 ab·

193 3347 275 3420 patet
290 3359 326 3405 er
342 3360 460 3407 oanonc
475 3343 527 3405 25.
544 3343 595 3405 ubi
613 3347 715 3424 agitur
729 3347 767 3407 de
784 3347 834 3418 iis,
857 3348 909 3426 qui
931 3349 1047 3412 adlere·
1092 3347 1216 3410 seruari
1230 3351 1385 3424 oporteat,
1404 3349 1462 3426 qui
1472 3353 1545 3426 posi
1559 3347 1754 3424 baptismam
1775 3347 1868 3408 omni
1884 3352 1964 3408 tcm-

193 3429 265 3486 bant
280 3425 412 3488 literasa
429 3426 674 3489 contessoribus.
685 3427 832 3490 Sciebant
847 3431 928 3492 enlm
951 3431 983 3502 ii,
996 3433 1048 3511 qui
1089 3447 1170 3510 pore
1183 3429 1442 3492 incontinentiae
1454 3428 1670 3506 uoluptatibus
1685 3429 1838 3492 deditiin
1853 3437 1962 3491 eatre-

191 3512 221 3568 in
238 3509 480 3589 persequutione
505 3507 730 3572 confitebantur
751 3510 855 3584 ouem,
879 3520 983 3592 pastea
997 3515 1050 3576 da·
1092 3529 1145 3574 ma
1159 3511 1224 3590 666
1237 3514 1322 3574 uitae
1335 3527 1415 3574 suaa
1428 3512 1662 3590 poenitentiam
1676 3512 1785 3582 simut,
1802 3517 1833 3573 61
1845 3527 1962 3574 recon-

191 3607 223 3652 66
238 3591 343 3653 literas
359 3591 625 3654 commendatitias
641 3609 695 3670 pro
708 3593 805 3672 lapsis
819 3595 856 3657 ad
870 3597 1046 3674 episcopos,
1095 3597 1294 3657 ciliationem
1309 3595 1546 3657 communionis
1562 3599 1753 3672 exposcunt.
1780 3593 1824 3655 De
1840 3593 1892 3656 bis
1909 3594 1963 3655 ob-

192 3679 223 3734 61
244 3679 275 3735 16
298 3678 361 3735 1616
384 3675 448 3736 1666
470 3672 600 3744 66661116
623 3675 723 3754 agitur
745 3677 785 3738 de
807 3677 856 3752 iis,
875 3680 926 3760 qui
941 3679 1049 3742 labun·
1093 3679 1231 3740 seruatis
1244 3679 1348 3754 prior,
1371 3677 1496 3746 661166,
1522 3678 1692 3756 posterior.
1721 3678 1964 3740 interueniente

191 3763 238 3817 tur
259 3756 296 3816 ad
320 3755 656 3819 idololatriamFateor
675 3765 784 3842 tamen
801 3760 950 3823 rationem
967 3763 1050 3824 iliam
1093 3760 1330 3832 misericordia,
1352 3759 1544 3824 inclinatior
1569 3763 1625 3836 est,
1652 3759 1732 3822 llam
1759 3761 1963 3821 cousuetudo

189 3837 330 3899 «annonis.
344 3837 388 3901 Nc
398 3838 539 3918 idqaod
551 3838 710 3903 odoratmr
721 3846 751 3903 61
762 3843 932 3916 66166616
941 3847 1051 3922 parie-
1092 3843 1962 3923 priorteaeaicmtconcedereturpoeaitenttascdcam-

191 3919 280 3996 11666
290 3921 497 4000 depingatur,
515 3935 577 3982 non
593 3923 722 3985 multum
736 3926 888 4004 quadrare
906 3927 979 3989 buia
1001 3943 1051 3990 en·
1093 3927 1207 3988 munio
1222 3929 1408 4003 negaretur.
1424 3925 1503 3990 11666
1517 3941 1591 3988 cum
1601 3926 1667 3988 illis
1680 3923 1877 4003 temporibus
1891 3941 1962 3986 crc-

192 4002 380 4082 posilionb
843 4031 845 4035 ·
1095 4008 1172 4072 broc
1184 4009 1447 4087 persequutiones
1459 4005 1614 4074 esscaitme
1629 4008 1868 4070 communionis
1881 4023 1958 4069 con-

231 4085 345 4148 Alanus
357 4083 457 4165 copus
472 4086 504 4148 in
520 4083 650 4165 dialogis
664 4087 720 4156 lib.
743 4087 773 4150 5.
796 4106 864 4167 oap.
889 4089 938 4152 16.
956 4091 1049 4166 dicit,
1096 4107 1184 4154 cassa
1194 4090 1486 4168 facilitaallomines
1501 4091 1541 4154 de
1551 4091 1815 4155 reconciliatione
1825 4106 1959 4152 scaceras

191 4167 241 4254 bic
256 4169 412 4247 probibeat
422 4167 588 4247 imagines,
605 4169 674 4250 quia
691 4168 805 4232 abillis
828 4173 1007 4236 Christianis
1022 4191 1052 4234 a·
1094 4191 1165 4237 non
1177 4179 1341 4237 reuocaret
1353 4190 1376 4235 6
1389 4173 1496 4250 lapsa,
1508 4178 1630 4252 negato
1642 4174 1756 4235 6666116
1768 4173 1958 4235 commonia

190 4251 290 4312 durari
304 4257 470 4328 coeperant
485 4257 636 4329 tamquam
659 4251 719 4330 liii3
742 4259 772 4316 et
791 4255 873 4317 bunc
897 4271 967 4319 esse
982 4273 1052 4319 scn-
1097 4263 1153 4329 cst,
1169 4255 1545 4335 concessopocniientio,
1567 4271 1609 4318 ae
1632 4260 1732 4316 totam
1757 4256 1889 4333 penitas
1904 4271 1960 4316 aa·

190 4349 271 4394 sum:
288 4331 404 4394 Placuit
418 4333 449 4394 in
462 4333 598 4396 Ecclesia
615 4351 676 4397 non
692 4352 762 4398 6666
778 4337 924 4415 picturas,
945 4355 985 4402 ne
1000 4341 1053 4401 ali·
1096 4345 1241 4419 paretur.
1258 4339 1461 4400 etdnriorem
1477 4354 1544 4400 esse
1554 4339 1777 4400 remissionem
1789 4334 1865 4416 fecit
1879 4344 1957 4398 tem·

157 4469 162 4485 ,
192 4414 265 4492 quid
281 4416 312 4476 iu
325 4415 493 4494 parietibus
515 4416 650 4479 existens
672 4417 815 4481 adoretur
839 4427 870 4484 et
885 4421 1000 4484 colatur
1021 4427 1054 4484 ut
1094 4423 1185 4502 poris
1199 4421 1296 4483 ratio.
1313 4419 1377 4483 Sed
1387 4427 1599 4499 posteaquam
1613 4419 1767 4482 uomicas
1778 4425 1958 4498 66616666-

190 4497 287 4560 Ileus.
301 4497 335 4559 In
359 4513 451 4576 quem
463 4514 589 4560 sensum
604 4501 723 4579 accepit
737 4501 827 4566 istum
857 4520 1004 4566 cunonem
1020 4505 1052 4566 b.
1099 4522 1168 4568 cem
1181 4503 1330 4566 Ecclesiis
1343 4505 1416 4566 auis
1425 4504 1579 4566 reddidit.
1590 4503 1663 4579 iam
1677 4503 1811 4580 depulso
1824 4509 1958 4574 tamara,

190 4581 244 4643 166
260 4581 289 4642 16
306 4579 371 4642 6616
384 4579 515 4642 decretis
529 4587 607 4660 part.
624 4581 655 4644 3.
671 4599 740 4662 cap.
752 4585 867 4649 1116661
881 4585 953 4650 buia
965 4589 1055 4650 etiam
1099 4583 1814 4664 communionemdariobeoccibosplacatam
1825 4591 1961 4664 propter

191 4663 376 4743 expositioni
389 4663 465 4724 ratio
481 4664 607 4726 canonis
623 4681 682 4726 oon
695 4669 820 4731 omnino
834 4670 972 4748 quadran
985 4687 1054 4733 nam
1101 4671 1230 4737 Domini
1242 4669 1500 4732 mismicordiom
1513 4669 1609 4746 quasi
1620 4669 1776 4729 uiaticum
1797 4669 1959 4746 prosectu·

191 4747 351 4809 debuisset
363 4745 424 4807 dici
441 4745 553 4824 polius,
577 4763 616 4808 na
635 4748 664 4808 id
680 4753 761 4828 quod
781 4751 925 4830 pingitur,
941 4753 1048 4816 odare-
1094 4755 1151 4826 ris,
1169 4759 1199 4814 ct
1212 4767 1254 4814 66
1265 4750 1439 4815 Noaotiani
1460 4750 1615 4812 baeretici
1634 4752 1954 4828 66666166661666,

191 4836 251 4891 tur:
269 4845 358 4908 quam
372 4844 411 4890 ne
424 4827 455 4888 id
471 4829 550 4906 quod
564 4829 716 4902 adoratur,
732 4833 884 4914 pingatur.
976 4909 980 4914 ⁸
1097 4836 1304 4916 asperitatem
1335 4839 1365 4898 et
1392 4833 1550 4896 duritiam
1584 4831 1739 4912 subsequi
1771 4834 1959 4896 uideamur.

231 4912 291 4974 Alii
306 4928 379 4990 ergo
392 4911 498 4974 dicunt
513 4917 627 4977 tantum
642 4915 819 4990 probiberi,
848 4933 886 4980 nc
901 4917 1051 4997 imagines
1098 4917 1344 4995 1166661696
1357 4916 1641 4994 campoenitantio
1653 4921 1800 4978 emiremo
1814 4932 1957 4978 commn-

192 4993 396 5074 depingantur
410 4995 441 5056 io
457 4994 624 5071 parietibus
638 4996 806 5070 Ecclesiae,
823 5016 883 5062 non
899 5007 1000 5063 antem
1012 5017 1051 5063 ne
1096 5003 1164 5074 oio,
1180 5005 1217 5062 61
1230 5000 1375 5062 immines
1390 4998 1578 5077 laniasmodi
1590 4999 1688 5060 celin
1701 4999 1862 5078 supremis
1874 4999 1956 5071 suis,

191 5075 332 5154 depictae
348 5079 379 5140 in
395 5076 515 5139 labellis
530 5078 1051 5162 66166116161166166161666666166
1095 5085 1298 5164 permittente
1313 5077 1490 5148 Saloatum.
1507 5097 1529 5141 6
1552 5085 1705 5160 perpetuo
1729 5081 1828 5142 coitio
1850 5083 1958 5143 alodi·

192 5157 377 5220 ctrationem
390 5158 859 5240 esseroluntprupterbonoram
871 5165 1048 5244 imaginum,
1097 5173 1218 5230 centor.
1234 5165 1318 5240 linco
1332 5164 1553 5234 Innocentius,
1569 5163 1663 5240 66166
1676 5162 1781 5226 uerbis
1794 5163 1881 5225 ittud
1897 5181 1956 5226 eoa-

191 5239 262 5318 quia
275 5239 306 5300 in
326 5242 493 5318 parietibus
513 5241 656 5306 facillime
672 5254 917 5325 corrumpuntur,
934 5250 980 5310 661
996 5248 1050 5310 lru·
1095 5249 1455 5328 pendendamaldctar,
1477 5262 1545 5312 nan
1560 5244 1683 5308 61661666
1701 5245 1955 5322 Innocentium,

190 5337 275 5384 inore
288 5324 448 5400 parietum,
462 5325 510 5386 661
525 5325 597 5408 situ,
612 5326 728 5390 6616116
741 5329 868 5393 ratione.
883 5330 945 5408 Qun
962 5331 1050 5394 ratio·
1099 5347 1282 5394 concessam
1294 5330 1395 5408 inisse
1410 5329 1591 5409 aliquando
1604 5329 1702 5407 lapsis
1715 5330 1956 5392 reconciliatio·

190 5421 231 5468 no
252 5404 395 5467 luitolim
409 5406 594 5496 prohibitum
610 5411 754 5486 etiamne
766 5412 881 5475 cruxin
897 5415 1049 5493 pavimen·
1097 5431 1183 5487 nem,
1199 5420 1352 5492 negatam
1376 5413 1663 5476 commonionem:
1688 5412 1747 5474 sed
1770 5428 1957 5476 6666666666

189 5489 229 5550 116
243 5487 449 5566 sculperetur,
465 5489 963 5571 6666611661666661666616661
978 5503 1051 5559 1666
1096 5497 1338 5576 poeaitentiam,
1353 5495 1955 5573 666616666666661666666666666-

190 5571 240 5634 bic
253 5573 310 5633 erit
321 5583 444 5664 sensus:
461 5569 578 5662 Ifflacuit
592 5573 728 5652 picturas
744 5577 774 5638 in
791 5577 941 5650 Ecclesia,
958 5579 1049 5653 idest,
1097 5577 1956 5660 16666166666666666666666666166166-

191 5653 222 5716 in
234 5654 299 5735 ipsa
312 5652 437 5728 lubrica,
450 5667 515 5716 stre
531 5655 625 5719 muris
647 5657 805 5724 Ecclesiae
827 5677 899 5725 esse
923 5679 983 5726 noo
998 5662 1051 5726 de·
1096 5661 1230 5742 petatur
1244 5664 1326 5726 actio
1338 5661 1558 5742 poenitentiae
1575 5708 1582 5736 ,
1598 5660 1718 5725 deinde
1733 5661 1799 5726 olio
1812 5665 1955 5743 tcoapore
