4086 6296
847 321 944 382 rouen
964 315 1139 376 seeouous
1617 267 1621 274 ¹
1744 307 1794 368 sir

135 469 360 552 summouisse
387 473 541 546 quartum.
566 461 721 542 liudgero
745 474 781 522 se
807 457 844 518 sd
860 463 958 519 εειεε·
1002 444 1370 520 microcosmum
1382 447 1533 508 uestrum
1546 444 1604 506 eto.
1621 440 1720 504 immo
1734 439 1795 517 ipsi
1807 458 1872 512 mo·

85 567 174 616 mam
191 549 327 628 tuoplsm
344 556 392 611 εει
413 549 517 612 uittam
532 566 541 626 3
558 562 627 608 nam
642 544 739 606 riuus
764 540 908 601 consistit
928 539 959 601 ιε
1005 531 1087 592 tima
1109 528 1170 622 bon
1192 527 1455 606 discrepassent,
1479 521 1733 602 quondoquidem
1750 519 1810 590 sibi
1827 523 1873 584 ni·

83 633 218 708 medio,
237 632 306 693 ritis
319 631 350 692 ln
368 633 524 698 extremis,
542 629 598 691 sed
613 627 685 688 dure
701 621 817 702 siquid
834 627 881 683 est
896 637 960 683 ms·
1005 611 1049 673 itii
1066 615 1281 684 relidueitfflia
1306 614 1339 671 di
1359 606 1515 670 utaristam
1540 607 1757 682 sequerentur.
1786 601 1817 666 Si
1833 619 1873 682 a·

84 717 190 788 dium,
208 713 285 776 uiuit
302 713 375 773 dare
392 719 440 774 est
455 717 637 780 extremum.
664 707 826 768 Praeterea
849 703 960 765 mettin
1002 692 1070 754 nim
1083 691 1165 753 dieu
1187 690 1300 770 uliquis
1322 705 1375 752 rex
1396 690 1455 754 ciri
1470 687 1632 767 opulento:
1650 683 1800 761 Relinque
1821 684 1875 746 irio

83 801 194 860 matur
207 792 350 859 errante
361 794 393 856 ε,
409 793 479 858 epp,
496 790 730 855 &sineremur
738 785 892 866 prompto
903 789 959 858 por,
1006 782 1075 868 tuos
1089 773 1312 854 possessiones
1325 778 1358 835 ει
1371 771 1440 834 ueni
1457 785 1580 834 mecum
1597 767 1634 832 ed
1650 765 1791 831 nattam:
1809 782 1875 832 cer·

82 879 276 948 seminudum
299 877 337 938 td
365 877 454 958 guod
481 873 600 945 babet,
635 875 769 949 decepte
798 875 864 936 est,
891 883 961 930 uon
1007 863 1035 919 ιε
1052 857 1105 920 itte
1118 855 1189 936 iure
1205 855 1318 935 poterit
1346 857 1572 933 arogepetare
1595 863 1709 929 ponem
1724 848 1877 928 quotidin-

83 959 277 1022 secuudum
301 959 364 1026 ld.
386 957 477 1036 qood
501 971 572 1018 rou
593 953 698 1017 babet.
727 952 796 1014 tiore
816 951 904 1012 enim
925 953 962 1010 ul
1006 955 1093 1001 tium·

85 1041 171 1104 aliis
195 1041 238 1104 sit
256 1039 427 1114 remissio,
452 1037 540 1103 nobis
561 1043 673 1101 aorem
694 1032 882 1106 tributario,
903 1033 962 1094 neo
1047 1022 1270 1099 Argumentum
1295 1023 1432 1080 ¹sertum.
1462 1013 1612 1095 Religiosi
1635 1010 1874 1086 nundinantes,

88 1137 138 1186 εω
154 1121 367 1202 αεᾳεειιιαιε,
1007 1103 1153 1182 injuriam
1179 1101 1296 1163 iaciunt
1324 1101 1405 1160 reris
1431 1096 1642 1174 pauperibus:
1674 1109 1745 1156 nom
1773 1092 1874 1156 Lucae

133 1203 346 1283 Respondes:
363 1201 497 1264 Medium
514 1202 545 1262 in
569 1197 753 1266 uirtutibus,
771 1201 897 1272 excepta
910 1195 961 1276 ιε·
1009 1183 1061 1246 ii·
1075 1183 1208 1245 dieitur:
1235 1183 1315 1244 Curre
1327 1181 1410 1258 focis
1428 1178 1635 1257 prandium,
1658 1191 1739 1238 voco
1752 1189 1877 1252 poime-

88 1286 176 1347 stitie
192 1330 200 1355 ,
225 1299 287 1346 non
305 1283 496 1346 considerari
512 1297 611 1358 penes
627 1281 711 1359 ipsas
727 1295 777 1340 res
792 1277 935 1340 obsolute
951 1322 960 1350 ‚
1007 1282 1081 1338 res,
1105 1265 1247 1335 debiles,
1261 1263 1406 1326 'claudos
1420 1309 1427 1335 ‚
1451 1275 1586 1332 coecos,
1604 1259 1663 1337 qui
1674 1272 1744 1320 nou
1758 1254 1878 1319 nobem

87 1368 151 1428 sed
165 1383 235 1428 cum
248 1366 356 1427 ordine
374 1367 411 1426 ad
427 1367 624 1436 rationem‚et
638 1377 746 1422 omnes
763 1360 962 1422 circumstun·
1008 1347 1187 1412 iiiiiimoro
1215 1345 1297 1419 iiiii,
1322 1351 1351 1406 oi
1379 1343 1490 1404 bebius
1516 1345 1592 1403 eiii·
1615 1339 1679 1400 Hoc
1709 1337 1800 1414 1⁰00,
1832 1339 1877 1398 in·

89 1448 167 1510 iias.
180 1446 271 1508 Verbi
286 1447 393 1526 gretia.
409 1463 472 1508 non
489 1452 537 1508 εει
551 1443 687 1506 medium
703 1443 733 1503 in
748 1443 961 1519 temperantia,
1010 1429 1076 1508 quit
1091 1430 1293 1498 Aimuennus,
1310 1425 1466 1488 Dominus
1481 1420 1653 1502 uoujubet
1666 1422 1780 1482 oceori
1793 1435 1878 1496 pou·

89 1529 263 1592 comedere
292 1543 388 1590 unum
416 1543 551 1606 panem,
580 1531 610 1587 et
634 1530 768 1586 extrema
798 1523 965 1586 comedere
1008 1527 1102 1589 peres
1123 1523 1358 1589 quoscumque,
1381 1507 1439 1568 sed
1451 1519 1615 1582 paauperes
1631 1501 1762 1574 debiles,
1786 1500 1876 1562 cleu·

88 1611 187 1681 duos,
214 1615 267 1672 εει
293 1610 436 1684 nuitum3
460 1609 516 1670 sed
539 1606 674 1668 modium
698 1611 746 1666 est
767 1611 882 1666 reorum
913 1622 965 1684 pp.
1010 1595 1081 1664 dos,
1097 1594 1295 1662 oelcoeeos,
1317 1595 1425 1668 usgue
1446 1587 1548 1648 etiem
1568 1582 1687 1647 debiles
1710 1597 1880 1662 quoscum·

88 1693 144 1754 nis
160 1691 324 1765 resipere,
348 1697 496 1768 «rasorum
519 1691 596 1751 ratio
618 1688 712 1749 eiciar
733 1685 789 1747 tibi
805 1687 864 1748 noa
891 1695 965 1748 iem·
1012 1689 1086 1754 qao,
1102 1676 1160 1738 ooo
1180 1673 1300 1737 ueritas
1313 1685 1500 1750 pauperos.-
1525 1681 1606 1730 nam
1627 1679 1790 1742 roorereo
1810 1677 1881 1728 oon

89 1772 372 1852 poroeoprenir03
396 1773 479 1835 undo
501 1771 584 1850 quod
608 1768 662 1830 ribi
685 1774 733 1831 psi
747 1768 884 1830 meorum
899 1815 907 1842 ‚
923 1769 966 1829 gr.
1013 1755 1154 1830 debiles,
1176 1759 1313 1834 possunt
1326 1751 1507 1817 retribuere
1529 1747 1736 1811 laborando:
1752 1743 1873 1808 debiles

91 1854 155 1916 teri
182 1854 240 1917 erit
257 1859 440 1916 extremum.
467 1853 518 1914 Sic
533 1867 608 1931 ergo
624 1853 697 1912 dore
714 1849 816 1911 omnia
835 1895 842 1916 .
867 1855 965 1913 extre·
1011 1853 1081 1902 εοε
1095 1853 1270 1916 pauperes,
1284 1838 1421 1915 possunt
1432 1829 1611 1896 retribuere
1622 1829 1784 1907 pecunius
1797 1828 1880 1890 dou·

90 1953 182 1998 mam
205 1941 253 1998 εει
278 1940 309 1997 ει
323 1937 465 1998 vitiosam
481 1933 598 1996 bomini
621 1931 844 2011 patrifamilias,
860 1932 913 2011 qui
930 1948 968 1995 ex
1012 1921 1067 1983 oo.
1084 1921 1259 1995 Praetores,
1275 1918 1350 1980 ordo
1366 1913 1524 1977 eharitatis
1539 1913 1684 1990 postolat,
1709 1916 1741 1971 ai
1753 1924 1880 1986 sonoor

92 2017 202 2080 oiiloio
226 2018 309 2079 alere
340 2017 435 2080 debet
463 2030 612 2085 uxorem,
636 2013 743 2083 titios,
774 2029 882 2076 servos
905 2019 966 2076 εις,
1012 2003 1102 2064 detur
1117 2003 1316 2077 eleemosyna
1328 1999 1427 2078 magis
1443 1993 1662 2075 egenti,mngis
1674 1996 1776 2052 entem
1789 1995 1883 2068 egent

92 2100 131 2160 tt
147 2099 200 2170 ci,
224 2099 276 2176 qai
299 2099 405 2160 statuit
420 2098 534 2159 mondo
551 2096 734 2159 renunciare
752 2141 759 2169 ,
784 2102 815 2156 ει
829 2096 888 2158 soti
902 2113 967 2158 opp.
1013 2099 1168 2162 pauperes
1184 2082 1306 2146 debiles
1321 2128 1328 2154 ,
1346 2093 1437 2159 quein
1453 2076 1571 2149 tortos,
1598 2074 1708 2152 quales
1724 2078 1797 2134 sunt
1812 2071 1881 2132 rell·

92 2181 175 2243 ttoni
201 2185 234 2262 ar
257 2179 627 2258 perseuerantissime,
653 2177 745 2254 plana
769 2177 904 2239 maetam
921 2183 969 2240 ast
1014 2165 1107 2244 gipsi,
1122 2181 1183 2227 non
1208 2165 1301 2244 ieioor
1326 2162 1399 2222 boot
1420 2157 1575 2238 religiosis
1597 2157 1812 2234 otoonosroos
1828 2166 1882 2231 ro·

93 2260 202 2324 omnis
230 2262 325 2324 dare:
354 2268 385 2324 et
413 2268 547 2324 extremo
577 2265 668 2321 erunt
696 2259 769 2320 dore
785 2260 901 2336 aliquid
918 2277 967 2322 so.
1013 2254 1079 2310 tere
1094 2247 1156 2309 nisi
1170 2247 1247 2309 iorte
1260 2248 1431 2322 aegrotent.

94 2343 311 2418 iam‚ainiuit
327 2343 414 2410 uara,
432 2343 607 2420 asperima
623 2339 968 2420 solatiareontirmaii03
1057 2329 1265 2408 despondeo:
1288 2325 1318 2388 Si
1335 2327 1549 2404 oruomontoon
1570 2318 1685 2395 oliooid
1716 2317 1882 2380 oonotnde·

93 2423 295 2487 namPautus
309 2424 476 2503 alloquitur
500 2425 644 2486 homines
666 2422 845 2486 saeculares
861 2440 967 2486 uxora-
1014 2418 1083 2484 rei,
1118 2427 1179 2472 non
1201 2411 1260 2473 soii
1287 2405 1425 2486 religiosi
1450 2402 1687 2472 mendicabis,
1710 2399 1766 2461 Siti
1791 2400 1883 2460 eiidm

98 2512 151 2568 tor
166 2512 228 2567 eto.
1016 2493 1248 2560 omnoselerici
1264 2485 1467 2575 pomeranii,
1496 2483 1548 2564 qui
1575 2498 1611 2545 er
1627 2480 1883 2562 possessionibus

141 2587 249 2664 Dices3
262 2587 334 2648 dere
350 2588 452 2648 omnia
468 2586 514 2648 nel
533 2592 580 2648 est
603 2584 738 2647 medium
763 2583 791 2647 ei
807 2632 814 2656 ,
832 2584 884 2664 qui
906 2587 972 2648 ruit
1015 2578 1131 2644 uiuunt,
1152 2581 1182 2638 ει
1198 2591 1259 2637 εοε
1271 2568 1504 2640 ἐεειιιειιιιεε,
1522 2565 1636 2637 oiauoi,
1653 2563 1701 2626 rel
1715 2563 1799 2624 cneci
1813 2579 1885 2638 pec·

102 2669 224 2730 mundo
239 2668 423 2731 renunciate
439 2713 448 2744 ,
466 2673 537 2730 unte
552 2672 678 2744 rotum3
706 2667 754 2728 rol
777 2668 876 2729 solum
902 2675 973 2746 post
1016 2665 1141 2722 curent:
1160 2673 1228 2718 nam
1254 2652 1476 2734 possessiones
1501 2647 1632 2710 donatae
1661 2643 1883 2710 monasteriis,

102 2757 233 2812 notum:
257 2751 284 2812 si
311 2755 381 2812 onte
404 2757 532 2822 uotum,
564 2765 638 2828 ergo
668 2749 809 2826 peccabit
835 2750 912 2825 ille,
943 2751 970 2814 si
1016 2748 1046 2804 et
1062 2739 1217 2814 ecclesiis,
1243 2737 1315 2816 qnid
1333 2739 1405 2798 sunt
1420 2731 1503 2796 aliud
1519 2744 1610 2810 quom
1634 2727 1883 2804 eleemosynae?

99 2848 167 2894 nnn
198 2832 252 2893 det
279 2832 408 2903 omniu,
434 2831 555 2894 etiamsi
584 2831 703 2892 nullum
734 2831 845 2894 babeat
866 2837 970 2896 uotum
1017 2823 1190 2887 Ridiculum
1214 2825 1316 2882 autem
1346 2823 1414 2888 εει,
1439 2828 1501 2876 εοε
1526 2807 1659 2872 treudari
1687 2822 1878 2886 pauperosu
1980 2817 1982 2820 ·

98 2912 316 2992 paupertatis3
339 2924 408 2974 nom
433 2915 536 2976 medio
556 2913 676 2976 uirtutis
698 2921 898 2990 opponantur
919 2929 969 2978 er·
1018 2905 1143 2968 clericis
1158 2911 1189 2966 et
1204 2901 1376 2972 monacbis,
1394 2896 1446 2975 otri
1475 2892 1633 2968 occipiunt
1654 2890 1685 2952 in
1712 2890 1885 2967 eleemosy-

97 3000 197 3056 irema
214 2993 378 3056 uitiorum:
403 2993 429 3056 si
447 2996 546 3058 solnm
564 3002 633 3072 post
648 3001 770 3068 uotum,
788 3012 863 3073 ergo
886 3013 971 3057 uren·
1018 3005 1088 3050 nom
1117 2985 1259 3048 redditus
1288 2984 1454 3043 multorum
1483 2975 1615 3037 millium
1645 2987 1831 3042 aureorum,
1856 2975 1887 3031 et

96 3077 210 3139 diuites
220 3091 287 3171 'uon
310 3079 413 3154 potest
433 3076 559 3154 roveri3
582 3091 654 3138 uam
676 3076 753 3138 nihil
775 3083 860 3140 recte
882 3093 970 3140 rore·
1017 3068 1151 3133 irauduri
1169 3085 1185 3129 o
1200 3062 1464 3134 mendicantibus,
1482 3055 1535 3137 qui
1550 3053 1708 3133 occipiunt
1722 3068 1817 3115 unum
1833 3067 1885 3129 po·

98 3163 172 3232 tur,
197 3173 257 3220 ursi
280 3157 362 3234 guod
385 3172 423 3218 ex
446 3175 482 3220 so
497 3159 560 3238 jam
585 3165 633 3220 εει
655 3157 774 3220 virtutis
797 3166 894 3222 εειεε.
912 3160 969 3223 lie·
1017 3169 1102 3216 nem.

97 3239 265 3319 spondeo:
296 3237 431 3302 Consilia
461 3239 640 3319 evangeliea
662 3245 733 3300 ente
755 3247 883 3314 rutum,
907 3258 969 3303 uon
1058 3234 1102 3296 bd
1118 3231 1221 3293 iocum
1236 3242 1311 3305 ergo
1334 3221 1485 3300 euangelii
1508 3218 1591 3291 dieo,
1615 3215 1779 3278 Dominum
1803 3212 1885 3276 uelle

97 3337 174 3384 esse
196 3327 283 3383 setus
306 3320 489 3399 specialium
512 3323 681 3394 uirtutum,
714 3323 769 3384 sed
793 3338 864 3384 esse
885 3329 971 3385 octos
1016 3314 1118 3378 vocari
1129 3325 1294 3392 pauperes,
1311 3307 1376 3368 siue
1388 3301 1594 3374 sintichias,
1608 3298 1673 3360 siro
1689 3312 1762 3359 noo:
1780 3297 1885 3374 tegeo-

101 3403 261 3481 perlectos
283 3403 427 3465 uirtutum
451 3403 661 3464 communium
676 3447 685 3472 ,
709 3409 741 3464 nt
756 3402 970 3472 liberalitatis,
1017 3399 1092 3461 dum
1107 3399 1155 3458 est
1167 3393 1251 3456 enim
1263 3406 1333 3452 oum
1346 3386 1635 3454 distinctione,uoca
1651 3376 1883 3457 paupercuia

103 3482 257 3546 eastitatis
274 3529 283 3558 ‚
314 3483 523 3546 obedientiae.
554 3483 648 3546 Porro
677 3485 797 3546 actibus
827 3486 973 3562 perlectis
1018 3478 1099 3543 biles
1115 3482 1176 3540 etc.
1192 3475 1266 3536 Nam
1282 3469 1442 3549 apostotus
1457 3468 1559 3528 Actor.
1575 3461 1627 3524 ie.
1645 3458 1740 3531 dicit,
1757 3474 1792 3520 sc
1808 3461 1886 3518 ailu-

103 3582 169 3628 nnn
191 3571 392 3644 opponantur
418 3572 505 3628 ectus
527 3565 654 3636 uitiosi,
682 3566 737 3627 sed
761 3572 848 3628 octus
870 3567 973 3629 minus
1018 3561 1095 3623 iisse
1110 3558 1341 3633 eleemosynam
1358 3547 1548 3629 pauperibus
1570 3539 1762 3612 iurisiunis,
1779 3540 1831 3618 qui
1855 3555 1886 3600 ε-

103 3646 260 3726 perlecti3
292 3651 322 3708 ει
342 3646 480 3710 medium
507 3653 594 3708 ectus
620 3647 748 3725 perlecti
764 3693 771 3716 .
797 3665 858 3710 nnn
882 3648 976 3710 littbbi
1020 3642 1129 3704 rentiu
1145 3635 1353 3708 Hierusalem,
1371 3647 1450 3710 quos
1465 3634 1584 3690 certum
1599 3629 1648 3686 est
1663 3639 1723 3684 noo
1740 3621 1837 3682 luisse
1853 3635 1886 3682 o·
1967 3635 1971 3645 ·

104 3735 242 3790 extrema
265 3728 387 3798 uitiosa,
411 3728 467 3790 sed
485 3734 620 3790 extrema
638 3729 742 3792 minus
764 3731 924 3806 perlecto,
948 3736 978 3791 ot
1020 3738 1110 3786 mncs
1125 3734 1249 3786 caecos,
1265 3716 1314 3778 rel
1341 3712 1480 3775 claudos
1508 3709 1545 3770 ut
1560 3722 1629 3770 cum
1656 3702 1805 3765 [lominus
1820 3701 1883 3762 sit:

106 3816 294 3903 postratum
311 3808 405 3871 iidem
421 3816 509 3872 aetus
521 3809 584 3890 jem
611 3818 684 3872 sont
696 3816 782 3872 octus
804 3811 974 3874 necessarii
1025 3807 1105 3868 ioco
1120 3819 1172 3865 eos
1187 3801 1246 3882 qui
1258 3813 1329 3861 uon
1340 3793 1459 3858 baberet
1471 3789 1651 3855 retribuere
1666 3785 1744 3856 libi,
1761 3798 1823 3844 uon
1841 3783 1886 3843 iu-

108 3891 294 3970 specialium
309 3892 467 3967 uirtutum,
485 3891 600 3971 quibus
626 3899 826 3972 opponuntur
849 3909 919 3956 uera
933 3893 974 3955 vi·
1020 3887 1131 3964 telligit
1146 3899 1212 3957 εοε,
1230 3879 1282 3960 εει
1299 3877 1385 3942 εειιε
1410 3873 1502 3936 modo
1531 3873 1664 3950 possunt
1687 3865 1884 3932 retribuere,

107 3973 148 4034 iii
166 3971 324 4051 Siiiiiiii·
1021 3970 1099 4030 totus
1116 3965 1199 4028 enim
1215 3961 1292 4025 nulli
1309 3960 1372 4022 tero
1399 3963 1483 4019 sunt:
1515 3969 1585 4014 nom
1614 3951 1705 4012 ctiam
1733 3960 1888 4024 pauperes

150 4051 372 4130 Argumentum
402 4053 557 4131 quintum.
585 4054 644 4131 Qui
670 4071 705 4118 sc
728 4062 839 4134 sponte
865 4055 978 4135 redigit
1022 4048 1124 4114 claudi
1142 4049 1273 4124 possunt
1288 4039 1460 4104 retribuere
1476 4032 1601 4112 aliquod
1617 4028 1814 4107 obsequium,
1830 4027 1887 4088 sed

107 4135 146 4196 ad
173 4133 402 4196 mendicitatem
419 4181 427 4208 ‚
456 4135 582 4214 exponit
596 4152 631 4200 se
647 4137 787 4216 periculo
810 4137 889 4201 lame
911 4153 976 4200 mo·
1021 4129 1165 4206 intelligit
1181 4143 1247 4198 eos,
1264 4124 1316 4204 qui
1330 4137 1391 4183 uon
1408 4123 1541 4198 possunt
1552 4112 1717 4176 reinvitare
1732 4108 1769 4168 nd
1785 4107 1888 4169 simile

107 4215 230 4291 iiiiii,
265 4221 422 4294 [inibique
448 4218 573 4291 ileum,
604 4235 673 4280 cum
696 4218 756 4280 sibi
780 4219 840 4298 ipsi
863 4219 979 4281 unieret
1023 4211 1208 4282 conuiuium,
1227 4208 1274 4268 rel
1290 4203 1453 4268 commode
1469 4192 1723 4274 aliquiddonerc,
1740 4195 1771 4250 et
1786 4188 1889 4266 proin·

107 4298 212 4392 media
235 4297 387 4359 ordinaria
403 4296 440 4360 od
463 4297 811 4363 ritomeouseruondam
829 4316 976 4379 ,neopo-
1024 4297 1063 4357 de
1093 4311 1110 4357 ε
1138 4291 1253 4370 quibus
1282 4286 1361 4350 nibil
1385 4281 1502 4360 sperari
1527 4277 1618 4340 sotei.
1649 4273 1701 4336 Sic
1717 4271 1798 4366 enim
1820 4269 1886 4330 ait:

106 4385 168 4440 test
179 4379 295 4452 dicere,
310 4395 432 4457 perlem
445 4386 594 4444 nostrum
606 4383 840 4460 quotidianum
861 4385 907 4446 do
919 4397 978 4445 uo·
1023 4375 1104 4442 licii,
1120 4373 1231 4448 innuit,
1247 4383 1363 4433 uocare
1379 4364 1501 4427 noricos
1524 4363 1553 4421 ol
1566 4357 1690 4420 oinium
1705 4352 1832 4425 diocles,
1848 4366 1891 4412 ne

108 4460 156 4522 bis
171 4460 280 4554 lindie.
313 4460 384 4521 Noni
402 4463 430 4524 ei
446 4463 650 4546 responderet
665 4463 827 4526 Dominus.
852 4461 937 4540 Quid
957 4481 979 4526 o
1023 4458 1104 4536 forle
1129 4455 1195 4532 ipsi
1220 4458 1249 4515 te
1273 4448 1468 4518 reinvitent,
1496 4447 1525 4503 et
1548 4437 1605 4518 ιιει
1626 4436 1685 4499 tibi
1706 4431 1887 4496 retributio.

106 4557 159 4606 rue
177 4547 405 4636 prosperam,
422 4559 496 4606 cum
510 4544 569 4607 tibi
583 4545 732 4610 dederim
747 4550 868 4623 outeo,
892 4550 922 4607 et
944 4549 980 4608 lu
1022 4541 1128 4610 Porro,
1142 4549 1295 4613 pauperes
1310 4545 1432 4601 omnes,
1449 4524 1542 4588 etium
1567 4519 1620 4602 qui
1641 4516 1734 4581 relidi
1749 4519 1841 4588 sunt,
1859 4519 1890 4575 et

107 4624 205 4686 ittam
219 4622 395 4700 obscurior
1021 4621 1088 4685 suis
1102 4616 1262 4680 laboribus
1277 4615 1388 4675 rictum
1406 4610 1569 4687 quaerunt,
1588 4601 1663 4662 tutes
1678 4604 1762 4667 sunt,
1780 4603 1811 4657 ut
1828 4612 1890 4656 iton

125 4786 132 4798 .
150 4704 360 4783 Respondeo:
384 4704 440 4767 Ille
463 4705 619 4769 diceretur
634 4723 791 4786 exponere
803 4724 838 4771 se
855 4708 905 4770 toli
923 4723 976 4785 pe·
1024 4701 1149 4782 possint
1163 4696 1357 4760 retribuere:
1384 4707 1454 4753 naut
1471 4703 1541 4750 oum
1565 4683 1614 4746 rix
1638 4681 1791 4744 sufficiunt
1816 4677 1888 4746 sibi,

106 4787 208 4878 riculo
224 4831 245 4879 ,⁹
261 4787 314 4863 oui
338 4785 441 4848 omnin
464 4803 518 4850 sna
541 4788 655 4860 duret,
684 4790 808 4869 quando
832 4789 975 4868 probabi·
1023 4781 1180 4863 quomodo
1196 4780 1342 4859 poterunt
1367 4770 1507 4837 conuiuio
1529 4766 1640 4830 diuites
1666 4759 1821 4838 excipere,
1839 4763 1891 4819 εει

110 4866 180 4960 istor
202 4873 323 4962 sciret,
348 4867 423 4929 nibil
447 4885 482 4931 se
505 4876 611 4946 postea
633 4870 852 4933 inuenturum:
878 4876 908 4932 et
929 4887 976 4933 rc·
1023 4868 1070 4930 eis
1086 4877 1213 4928 munero
1228 4857 1361 4937 largiri?
1457 4933 1459 4938 ,
1676 4925 1682 4938 1

108 4948 213 5026 ligrosi
234 4955 348 5012 eertum
371 4965 459 5027 spem
474 4949 512 5014 iu
528 4950 592 5013 lico
607 4957 728 5030 ponunt
748 4953 807 5014 sibi
831 4952 906 5014 nillil
923 4953 976 5014 de·
1064 4947 1107 5009 to
1122 4945 1206 5007 illam
1222 4941 1371 5003 rationem
1388 4927 1608 5006 discensionis
1620 4925 1746 5004 poribus
1758 4921 1891 5014 dandum

109 5030 272 5123 ‘imfimo
296 5030 546 5108 uuandoqutoam
570 5032 735 5108 Christus,
759 5033 790 5095 id
814 5034 975 5111 promisit,
1024 5045 1096 5092 esse
1118 5027 1350 5104 eleemosynam
1371 5031 1497 5094 semper
1512 5010 1611 5086 magis
1626 5005 1800 5099 indigenti..
1817 5003 1891 5098 olio·

108 5117 140 5172 ct
166 5113 357 5184 experientia
383 5112 475 5190 longa
497 5111 581 5174 idem
610 5120 749 5178 testatur.
779 5115 886 5195 Neque
912 5122 977 5175 ten·
1024 5110 1078 5190 qui
1093 5107 1191 5186 magis
1207 5103 1305 5167 danda
1336 5107 1385 5163 est
1414 5090 1627 5177 propinquiori
1654 5093 1685 5149 et
1711 5085 1843 5154 meliori,
1861 5092 1893 5144 ει

112 5199 175 5252 ιεει
191 5192 325 5286 deum:
353 5209 425 5254 nom
446 5195 582 5256 medium
610 5197 799 5259 ordinarium
826 5197 862 5258 ad
886 5197 977 5258 vitam
1024 5191 1074 5256 cui
1090 5189 1222 5253 debetur
1236 5181 1405 5266 exjustitia
1420 5171 1693 5246 etc.l’nrrn,tribos
1714 5165 1894 5262 ile-caussis

109 5282 157 5335 ost
171 5274 262 5336 cibus
283 5280 314 5336 et
329 5279 443 5352 putus,
466 5274 531 5337 siue
554 5277 593 5337 sit
608 5281 774 5356 proprius,
798 5280 862 5340 sino
882 5279 976 5340 douo·
1023 5277 1126 5354 potest
1140 5268 1219 5343 sseri,
1237 5272 1270 5330 ut
1295 5259 1448 5327 sitdoudo
1477 5259 1676 5333 eleemosyna
1702 5256 1805 5328 potrus
1821 5248 1892 5309 ret·-

112 5363 159 5450 lus
181 5356 220 5418 ab
246 5355 330 5416 alio:
358 5355 411 5418 ille
440 5372 514 5435 ergo
540 5357 642 5437 rejicit
667 5359 768 5422 inedia
796 5359 974 5432 ordinm-iu,
1023 5357 1110 5434 gioso
1127 5352 1231 5414 minus
1246 5345 1420 5425 indigenti,
1446 5355 1538 5418 queam
1556 5354 1615 5398 oon
1633 5332 1780 5408 religioso
1796 5329 1894 5407 mugio

108 5443 227 5530 ont'eut
242 5452 303 5498 ooo
325 5437 390 5530 ruit
411 5437 601 5508 comedere,
625 5449 677 5502 not
700 5459 760 5502 εοε
778 5442 841 5502 vult
863 5458 974 5520 pionem
1023 5433 1186 5515 indigenti:
1201 5448 1237 5494 ox
1254 5429 1443 5506 Hieronymo
1459 5422 1491 5483 iu
1507 5419 1568 5482 iios
1583 5416 1652 5480 libri
1680 5419 1786 5476 contra
1812 5410 1896 5488 Vigi-

109 5534 271 5614 recipere,
301 5533 359 5580 biit
382 5535 438 5596 per
459 5520 664 5594 miraculum,
695 5528 727 5583 ut
750 5523 813 5584 illis
835 5523 973 5593 reccidit,
1025 5519 1163 5580 latentium.
1875 5570 1881 5583 .

110 5600 146 5661 ‘ii
168 5600 283 5680 quobus
306 5599 471 5664 Cassianus
493 5602 565 5665 onlt.
590 5603 621 5664 i.
637 5621 705 5682 cap.
729 5601 758 5664 i.
785 5605 844 5666 boe
868 5604 972 5683 protu-
1066 5599 1189 5672 Primo,
1218 5594 1242 5657 si
1259 5593 1286 5656 is
1302 5587 1422 5656 dederit
1450 5601 1519 5650 tore
1547 5581 1649 5646 omniu
1673 5596 1728 5642 suo
1756 5587 1897 5656 pauperi·
