4086 6296
290 362 343 414 urc
386 395 388 400 .
985 364 1027 420 uu
1047 347 1219 464 altisimus

214 496 289 572 quil,
305 497 344 559 in
356 499 425 560 uite
439 500 585 562 oninium
599 505 786 562 sanctorum
802 496 962 576 ,leyimus
977 513 1076 577 attam
1123 504 1187 566 tiae
1201 503 1362 584 tyrannis.
1380 501 1444 563 Hoc
1460 507 1570 565 autent
1595 503 1640 564 est
1654 503 1743 580 quoti
1757 502 1856 578 uicit,
1872 503 1903 564 si
1916 519 1988 565 ma·

213 578 349 654 laboras,
362 581 506 662 cipilias,
523 585 697 655 orationes,
705 579 968 662 jejuniauyuibus
978 582 1078 644 ueluti
1121 602 1222 663 paam
1236 585 1425 649 molentium
1439 587 1572 662 pateris.
1590 591 1619 646 et
1634 584 1988 662 libicincincernieris,

210 661 372 724 machinis
380 663 605 740 spiritualibus
612 663 998 744 pupuaccrualadcersus
1005 680 1074 726 car·
1123 669 1284 731 laboribus
1300 672 1329 730 te
1341 673 1370 729 et
1383 668 1558 730 sceleribus
1573 669 1731 738 libcranc
1748 669 1882 748 meando
1898 670 1989 732 deci·

210 759 307 814 nem,
325 751 356 805 ct
370 747 647 825 concupiscentias
672 748 814 826 corporis
827 747 983 824 proprii?
997 744 1074 822 'Quis
1122 753 1192 814 aas.
1209 751 1291 814 Hace
1317 750 1381 812 ilic.
1397 751 1453 814 Ubi
1477 750 1629 812 ustionem
1656 751 1872 829 interpretetur
1887 757 1989 813 tenta-

212 841 325 888 earunt
339 843 407 890 non
421 830 518 905 pectit
530 832 547 890 i
559 847 629 893 non
648 834 800 902 accuset,
815 845 884 904 uon
900 827 1024 892 laborat
1036 831 1075 893 in
1119 837 1248 906 tionem,
1264 849 1343 912 quae
1358 833 1396 894 ad
1410 833 1560 912 flagitium
1575 833 1699 894 orunino
1716 833 1875 914 perducet,
1894 834 1989 896 nimi·
2036 881 2037 888 .

211 925 397 984 cccccccccc,
416 911 983 992 cliuconcupiseentiissuts?cum
998 927 1073 991 erpo
1120 933 1188 978 rum
1213 913 1382 978 accedente
1407 917 1444 977 ad
1460 924 1577 978 aestum
1604 914 1874 992 concupiscentiae
1889 917 1990 978 animi

210 992 248 1052 in
263 992 312 1053 hus
328 993 478 1054 omnibus
491 996 659 1058 uideamus
673 996 747 1058 illas
762 995 979 1066 auctoritates,
996 1011 1072 1057 earo
1119 998 1306 1074 infirmitate3
1323 999 1352 1060 id
1369 999 1452 1062 enim
1466 998 1642 1079 significant
1655 998 1726 1069 illae
1742 1013 1845 1061 voces:
1860 998 1987 1078 cyren-

210 1076 410 1153 concupiscit
424 1077 578 1139 accursus
588 1079 789 1157 spiritumet
800 1077 1001 1146 concelector
1012 1077 1074 1157 leci
1118 1083 1190 1155 nis,
1207 1081 1402 1155 uiolentiae,
1419 1087 1448 1144 ct
1461 1097 1504 1144 nc
1519 1082 1663 1144 (lucillus.
1684 1081 1790 1160 Itaque
1805 1096 1918 1144 sensus
1936 1088 1989 1145 est

212 1157 269 1218 bei
281 1159 463 1220 secuudum
476 1161 660 1241 interiorem
672 1160 846 1232 bantinum,
857 1161 951 1222 eicco
965 1165 1074 1222 aulem
1116 1165 1201 1243 juxta
1218 1163 1477 1244 chrysostomum,
1495 1165 1522 1227 si
1538 1164 1639 1226 anima
1655 1161 1811 1229 imbecillo
1827 1179 1874 1235 es
1889 1170 1920 1226 et
1935 1167 1985 1228 ris

211 1238 431 1318 alium-lepem
445 1249 592 1321 elcanae
607 1258 724 1309 caussa
738 1248 838 1316 estut
852 1242 931 1304 baec
947 1247 1073 1321 aposto·
1119 1247 1297 1324 tentationis
1312 1248 1352 1309 ita
1367 1253 1457 1326 urget
1471 1293 1478 1319 ,
1494 1252 1526 1310 ut
1540 1246 1665 1309 omnino
1691 1249 1735 1308 sis
1750 1245 1980 1322 fornicatores,

212 1322 431 1385 lancelinus
457 1340 526 1386 non
539 1325 673 1400 hesua,
691 1326 1073 1403 scaicimptcrumper-
1117 1334 1260 1406 praestat,
1278 1336 1312 1392 ut
1326 1331 1437 1405 nubas;
1453 1345 1544 1410 quem
1561 1343 1687 1391 sensum
1700 1329 1813 1390 clarius
1827 1331 1984 1406 expressit

210 1419 293 1466 sona
308 1406 426 1478 diuma,
443 1423 528 1484 quac
541 1409 579 1469 in
591 1409 739 1487 personis
752 1409 1072 1488 piissimorumoitlc·
1116 1415 1147 1474 in
1163 1412 1260 1496 libate
1272 1412 1444 1492 virginittEt
1457 1411 1705 1492 chrysostomum
1718 1416 1869 1490 sequutus
1883 1411 1985 1474 Theo·

209 1503 282 1554 miss
295 1488 506 1551 cicomssimis
531 1493 647 1554 unciis
666 1491 736 1570 peri
749 1494 766 1552 ‘r
780 1489 927 1553 Etinlre:
948 1488 1073 1565 Quoties
1116 1495 1241 1557 doretus
1256 1495 1294 1556 ita
1311 1495 1474 1574 expressit:
1494 1495 1664 1565 clationem,
1682 1495 1792 1574 inquit,
1808 1501 1985 1557 conuocat

210 1585 284 1648 crpa
300 1584 326 1631 s.
344 1570 558 1652 Hieronymus
575 1574 615 1636 cle
628 1575 790 1636 incendiis
806 1572 982 1636 tibicinum
997 1589 1071 1636 eon·
1115 1579 1304 1656 timiditatis
1319 1579 1521 1650 molestiam,
1537 1579 1595 1640 sert
1619 1577 1752 1639 animae
1766 1577 1985 1655 mancipatio

209 1653 369 1730 queritur,
384 1655 565 1717 etiamtum
582 1671 656 1719 euru
668 1657 769 1718 multa
792 1655 930 1737 jejuniuy
942 1661 972 1718 ct
986 1654 1074 1718 labo·
1114 1675 1210 1731 nem,
1229 1667 1258 1722 ct
1272 1662 1317 1723 acl
1330 1662 1367 1723 iri
1381 1662 1470 1742 quac
1496 1661 1699 1722 esl‘cetcrius
1716 1658 1984 1722 inclinationem.

207 1753 243 1797 re
253 1741 368 1797 contro
382 1751 455 1797 eam
466 1745 650 1816 pupucret,
667 1739 726 1801 hoc
741 1744 796 1809 est,
814 1741 894 1801 cum
909 1743 1072 1802 essct'non
1118 1741 1207 1818 Quotl
1222 1743 1435 1816 autemdicit,
1453 1749 1498 1804 est
1513 1742 1696 1820 cy'usmorti:
1711 1741 1828 1803 melius
1844 1744 1985 1821 quictem

208 1819 303 1879 crocu
319 1817 511 1896 baptizatus,
527 1817 585 1883 sec
599 1825 628 1884 ct
640 1823 862 1890 sacuurnuus
874 1824 892 1882 i
906 1820 988 1884 Hace
1005 1818 1068 1888 ille.
1114 1830 1204 1887 estet
1218 1838 1272 1888 uos
1287 1825 1600 1906 quibuscouy'npatis
1615 1825 1813 1886 consuetudo
1826 1827 1982 1888 naucum

210 1898 268 1972 Qui
283 1905 316 1966 ul
330 1899 487 1963 rarissime
503 1903 559 1964 ista
576 1904 671 1980 dicit,
689 1905 728 1965 ita
744 1903 904 1968 manilcste
922 1910 1072 1983 repugnat
1112 1907 1223 1986 obtipit
1237 1913 1291 1982 ,ct
1304 1923 1360 1970 cos
1374 1909 1432 1986 cui
1447 1909 1613 1986 conjuncti
1627 1907 1761 1985 quicum
1773 1905 1882 1982 fuistis
1897 1951 1905 1980 ‚
1922 1910 1983 1972 sec

210 1982 250 2044 iis
264 2027 272 2055 ,
286 1999 364 2062 quac
381 1983 486 2045 docuit
512 1983 549 2046 de
565 2002 591 2048 s.
609 1987 793 2067 Hieronymo
813 1986 845 2048 in
861 1985 1071 2064 epithalamio.
1112 1994 1217 2053 morte
1242 1992 1315 2054 estis
1330 1991 1506 2069 cisjuncti,
1524 1989 1904 2068 elipcrecontinenliam.
1922 1989 1984 2054 Sia

210 2063 266 2126 Hic
282 2066 365 2128 enim
379 2082 450 2128 eum
466 2083 536 2128 cum
551 2067 644 2131 Paulo
658 2069 778 2148 y'ungit,
795 2077 825 2132 et
841 2085 911 2130 eum
925 2071 1070 2134 omnihus
1113 2078 1223 2135 aulem
1237 2074 1425 2152 cupiditatis
1435 2075 1592 2154 impetum
1601 2073 1685 2150 serre
1696 2087 1766 2136 non
1775 2074 1982 2149 palestinam

210 2148 346 2220 sanetis,
363 2150 633 2226 concupiscentiae
657 2159 784 2214 strenue
800 2151 1067 2230 repugnantibus,
1114 2157 1159 2219 art
1172 2157 1231 2218 hoc
1254 2157 1483 2220 sustinentium
1508 2161 1671 2219 calomen
1685 2154 1847 2217 imbecillo
1864 2157 1981 2218 animo
2036 2223 2037 2238 χ

212 2245 249 2289 ⁰³1
263 2245 323 2308 (1⁰⁰
349 2231 488 2310 sectilis
501 2229 559 2305 ‚7111
574 2235 621 2296 vel
636 2235 718 2312 opud
742 2235 868 2298 Paulum
884 2236 913 2297 i·
930 2233 1082 2304 corinth.
1114 2240 1199 2314 estis,
1213 2255 1314 2319 quom
1327 2239 1374 2302 ac
1387 2253 1528 2318 capuae
1540 2237 1726 2317 pulchract
1740 2237 1979 2313 honestasunt,
2036 2261 2037 2322 g

211 2311 242 2373 i.
259 2311 304 2372 uri
321 2328 383 2373 non
398 2314 437 2374 sit
452 2317 573 2390 tentari,
589 2317 644 2378 sed
661 2317 722 2378 labi
736 2318 767 2379 in
784 2317 914 2380 scelera:
930 2317 978 2380 rel
993 2317 1069 2381 Pau·
1112 2337 1181 2386 nun
1195 2321 1317 2384 bebetis
1333 2322 1453 2397 alacre,
1464 2327 1493 2384 el
1507 2322 1627 2384 arcens
1644 2321 1750 2382 animi
1762 2323 1980 2398 propositum,

210 2394 272 2468 lus,
287 2400 318 2456 et
331 2411 440 2457 omnes
454 2397 551 2460 seneli
568 2401 718 2461 ustionem
731 2399 817 2478 passi·
831 2399 903 2472 sint,
916 2416 952 2462 ac
966 2400 1069 2479 proin·
1111 2405 1208 2468 nulla
1219 2403 1507 2485 improbitatum
1520 2406 1630 2466 minues
1640 2403 1892 2466 matrimonium
1904 2419 1980 2466 con·

210 2477 368 2554 decontra
395 2477 492 2546 Deum
512 2485 728 2560 peccaverint,
745 2483 826 2562 quud
842 2484 1070 2546 matrimonium
1113 2487 1261 2552 trahatis.
1277 2488 1359 2550 ilaec
1374 2486 1440 2549 ille.
2036 2499 2037 2552 l

211 2575 272 2620 nan
289 2561 425 2622 inierint.
453 2599 456 2604 -
1153 2569 1304 2650 lienique,
1321 2575 1355 2632 ul
1368 2569 1508 2632 omittam
1520 2568 1837 2642 cacteroS,s.t'homas
1850 2567 1883 2628 in
1897 2583 1981 2629 com·

249 2641 408 2708 Accedunt
421 2650 508 2706 serto
524 2647 695 2710 testimonie
710 2647 841 2710 Petrum.
853 2647 996 2710 Clemens
1008 2648 1071 2710 ale·
1112 2653 1261 2715 menteris
1277 2652 1370 2733 hujus
1385 2653 1445 2714 loci
1460 2697 1468 2724 ,
1487 2667 1547 2714 non
1560 2652 1661 2714 sulum
1679 2650 1808 2712 affirmat
1823 2650 1982 2716 trstiuuem

209 2724 378 2786 nandrinus
394 2725 448 2787 lib.
466 2727 496 2788 l.
514 2727 696 2792 Stromutum
711 2731 743 2792 in
760 2732 826 2808 ipso
842 2729 1068 2808 principiam·
1113 2736 1172 2798 hoa
1186 2737 1256 2798 leco
1270 2733 1525 2798 incontinentiam
1551 2733 1746 2812 significare,
1766 2732 1823 2796 sed
1840 2733 1935 2796 etism
1953 2735 1983 2797 ic

208 2806 308 2867 silicis
333 2807 572 2873 lineresiarchae
588 2811 800 2876 sectatoribus·
817 2812 922 2875 tribuit
937 2829 1002 2874 eam
1019 2831 1069 2874 ex·
1113 2818 1274 2881 confirmat
1299 2833 1337 2879 ex
1351 2817 1419 2896 ipsa
1433 2819 1518 2879 roais
1533 2817 1730 2895 proprietate.
1748 2816 1798 2877 Uri
1816 2817 1900 2880 enim
1919 2833 1980 2879 non

210 2887 429 2965 plicaticucm,
447 2909 537 2970 quam
555 2909 636 2956 nunc
652 2897 816 2958 adversarii
832 2897 1067 2974 amplectuntur:
1113 2901 1215 2964 calere
1230 2899 1392 2980 significat,
1411 2899 1492 2978 quad
1508 2898 1630 2961 tentetis
1647 2899 1859 2970 conrenit,scd
1876 2899 1980 2962 calore

208 2971 248 3031 m
260 2971 355 3046 illud,
374 2973 481 3052 inquit,
499 2976 614 3044 melius
629 2982 674 3039 est
687 2977 819 3050 nubere,
837 2995 938 3057 quam
950 2980 1016 3052 uri,
1034 2995 1068 3041 a·
1114 2983 1341 3055 labefactariac
1355 2981 1573 3044 detrimentum
1592 2980 1751 3058 polieucti
1768 2981 1894 3042 minime
1908 2997 1982 3044 eoa·

202 3054 280 3128 punt
292 3055 398 3116 cicere
408 3059 644 3133 apostatantur
656 3062 805 3124 cetimum
815 3061 1070 3139 tueminipnem
1112 3065 1196 3128 yenit
1210 3065 1261 3138 iis,
1278 3065 1331 3143 qui
1346 3065 1529 3144 simpliciter
1542 3069 1707 3136 tentantur,
1722 3063 1777 3124 sed
1790 3063 1896 3141 iis,qui
1914 3069 1981 3126 tsn-

207 3135 352 3215 iny‘icias,
368 3145 476 3212 noctu,
494 3146 523 3201 ct
535 3142 681 3205 interdiu
693 3145 888 3213 resistensat
900 3144 1069 3218 timemur
1111 3145 1278 3210 talionibus
1293 3153 1484 3226 superentur.
1502 3149 1601 3226 hique
1616 3145 1688 3206 hinc
1704 3145 1859 3224 Scriptura
1876 3146 1978 3210 icet.

209 3233 232 3278 a
245 3219 448 3282 continentia
459 3224 688 3298 cusiriacum
699 3241 771 3287 cunr
781 3227 1007 3288 irtrcsistcntla
1019 3241 1069 3288 ao·
1114 3232 1142 3292 t.
1160 3231 1280 3293 [iceles.
1296 3230 1327 3291 2.
1344 3229 1485 3308 Sap.3.el
1499 3229 1572 3290 alibi
1587 3235 1742 3307 comparat
1751 3229 1853 3308 justus
1867 3231 1899 3290 in
1913 3235 1982 3292 ten·

208 3305 331 3378 eupata
342 3301 441 3378 t‘ucril
456 3306 581 3378 ultima,
598 3324 619 3366 a
633 3323 688 3384 spe
704 3315 748 3369 est
762 3309 1067 3396 diuisalppreben-
1114 3313 1280 3377 talionibus
1295 3311 1412 3390 positos
1427 3328 1513 3385 auro,
1530 3312 1612 3389 cauri
1629 3327 1683 3386 per
1698 3310 1801 3390 ignem
1816 3311 1976 3390 probatur:

208 3382 248 3444 cc
263 3397 337 3460 erpo
352 3427 360 3454 ,
376 3387 476 3463 inquit
491 3387 540 3448 his
557 3389 814 3452 verbis’lsidorus
829 3392 860 3453 in
876 3391 1044 3452 moralibus
1060 3437 1068 3462 ,
1114 3412 1221 3458 aarum
1237 3394 1319 3458 enim
1334 3394 1365 3456 in
1380 3394 1453 3474 igne
1467 3394 1589 3473 probari
1606 3393 1728 3464 dicitur,
1746 3409 1806 3454 narr
1824 3395 1977 3466 comburi,

205 3463 373 3528 robustam
386 3467 567 3542 malinam,
584 3486 626 3532 ne
641 3488 663 3532 a
677 3473 734 3533 lici
747 3474 855 3550 pratia
869 3473 1033 3547 coeliacis,
1042 3479 1071 3536 ct
1114 3479 1188 3541 ticet
1202 3477 1290 3540 reice
1305 3476 1486 3549 incalescat,
1502 3477 1572 3556 quia
1588 3477 1805 3538 detrimentum
1821 3493 1884 3538 non
1899 3477 1976 3555 peti·

210 3562 286 3610 cum
297 3549 408 3626 ipnem
419 3551 457 3612 in
470 3553 593 3624 semine
608 3556 801 3629 emncceris,
816 3571 892 3618 cum
902 3555 988 3618 bana
999 3572 1070 3620 ores
1113 3567 1173 3623 tur:
1191 3562 1309 3639 paleam
1325 3577 1396 3624 rero
1411 3560 1602 3623 incalescere
1628 3566 1659 3620 et
1671 3559 1896 3646 comburi,quia
1911 3561 1978 3639 pla·

204 3633 418 3696 ,conscicntia
434 3633 471 3694 Et
485 3635 577 3712 paulo
592 3642 673 3714 post:
690 3637 755 3700 Has
768 3654 870 3714 uoces
887 3639 996 3718 inquit,
1011 3640 1070 3702 ati·
1115 3659 1154 3706 ne
1169 3641 1384 3722 corrumpitur.
1506 3679 1507 3682 =

211 3713 297 3775 cuci
311 3715 356 3776 oc
369 3714 590 3782 basilidianos
609 3719 891 3798 reprehendendos
907 3728 963 3784 etc.
981 3721 1067 3785 Com·
1120 3765 1121 3768 =
1156 3727 1289 3788 Alteram
1308 3741 1390 3788 nunc
1406 3725 1593 3788 solutionem
1610 3723 1717 3796 eddam
1735 3772 1742 3798 ‚
1761 3724 1880 3787 temetsi
1897 3723 1980 3786 enim

203 3798 390 3868 xmentarius,
408 3799 458 3875 qui
473 3799 631 3862 Ambrosio
648 3801 840 3873 tribuitur,in
857 3805 939 3866 huna
954 3805 1068 3866 lucum:
1114 3810 1337 3888 perustionem
1363 3810 1521 3886 apostol-us
1549 3810 1743 3871 tentationem
1769 3807 1979 3886 signiticaret,

213 3877 302 3952 cum,
319 3880 579 3956 inquttpaluntes
596 3883 699 3947 calori
712 3887 821 3948 carnis
833 3890 1070 3954 conscotinum·-
1114 3893 1215 3954 ndhuc
1230 3899 1331 3953 temen
1357 3893 1435 3956 nibil
1450 3892 1615 3954 adversarii
1643 3891 1840 3953 obtinerent:
1857 3889 1932 3951 Nam
1949 3890 1980 3950 in

211 3967 264 4022 tur
274 3980 286 4036 ,-
301 3977 381 4024 nom
396 3963 561 4028 canceris
585 3968 658 4046 pati
681 3972 711 4030 ct
729 3983 798 4032 non
811 3971 899 4037 cinci
913 4017 920 4047 ‚
935 3971 1070 4035 illustris
1109 3975 1205 4048 ‚nullo
1217 3989 1323 4038 corum
1346 3975 1485 4038 iocorum
1499 3989 1603 4052 ‚cuns
1619 3974 1678 4052 ipsi
1695 3979 1809 4046 citant,
1827 3973 1981 4034 inuenitur

210 4044 275 4110 oiri
289 4049 334 4105 est
347 4049 377 4106 et
388 4047 532 4124 perfecti.
1114 4074 1219 4122 remm
1235 4065 1434 4137 praeceptum
1458 4058 1621 4130 nubendi,
1640 4057 1695 4118 sed
1711 4057 1776 4118 sule
1793 4055 1978 4134 permissio:

251 4125 283 4188 S.
299 4127 503 4208 hieronymus
515 4132 546 4191 iu
558 4131 697 4213 apologia
709 4149 764 4213 pro
776 4133 863 4198 libris
876 4140 979 4198 contra
991 4136 1069 4200 lori·
1114 4141 1287 4218 falsumque
1303 4140 1446 4219 estquod
1462 4139 1602 4203 calvinus
1619 4139 1674 4200 lib.
1689 4139 1719 4200 l.
1740 4139 1839 4200 Instil.
1856 4137 1981 4216 capis

211 4208 350 4271 nianum:
368 4209 404 4272 Si
418 4218 538 4285 autem,
555 4215 674 4294 inquit,
691 4233 726 4278 se
741 4219 904 4300 continere
917 4235 985 4282 non
997 4235 1070 4301 pos·
1115 4222 1132 4305 y
1149 4223 1200 4285 tt.
1217 4223 1302 4297 dicit,
1320 4230 1401 4285 certa
1417 4225 1486 4300 lege
1502 4223 1586 4283 citari
1603 4222 1640 4282 ad
1657 4222 1836 4302 conjugium
1851 4235 1917 4294 eos,
1929 4220 1982 4299 qui

210 4296 308 4366 sunt,
325 4301 354 4354 et
368 4295 520 4358 ardorem
545 4295 692 4368 libidinis
705 4315 776 4364 non
790 4300 857 4363 tem
871 4302 1071 4365 continentie
1116 4309 1256 4368 uruntur.
1273 4305 1408 4367 Primum
1423 4307 1505 4367 enim
1522 4306 1616 4367 torma
1633 4305 1779 4383 laquearii
1792 4319 1855 4366 nun
1867 4309 1914 4365 est
1926 4302 1982 4363 inr-

210 4374 322 4436 cotum
336 4391 436 4468 quum
449 4377 667 4453 fornicatione
680 4384 890 4463 restiapccre,
901 4385 1015 4447 mulius
1028 4392 1072 4448 est
1115 4391 1263 4466 peratira:
1280 4387 1355 4450 liam
1370 4404 1431 4449 non
1447 4389 1488 4449 ait
1504 4387 1680 4464 apostotus,
1698 4387 1748 4464 aui
1765 4403 1827 4448 nun
1842 4385 1980 4448 contine·

210 4455 354 4533 nubere,
370 4473 470 4536 quam
483 4461 559 4530 uri.
576 4463 613 4524 iel
633 4468 699 4540 est,
715 4466 832 4530 malins
857 4470 1071 4531 estmarllum
1115 4471 1166 4544 tis,
1183 4469 1406 4540 nubite,.sed:
1426 4470 1567 4545 Quincti
1589 4483 1622 4533 se
1638 4470 1824 4542 continent,
1840 4467 1981 4541 nubunt·

212 4540 340 4607 cucere,
358 4555 459 4620 quam
471 4542 642 4619 fornicari.
658 4547 740 4610 ilaec
755 4550 819 4614 ille.
834 4549 866 4612 S.
882 4550 1070 4629 Augustinus
1116 4568 1174 4615 nee
1190 4554 1379 4630 stuprantur
1395 4553 1627 4615 fornicationem
1641 4553 1747 4615 ducite
1762 4551 1980 4626 uxoremsed:

213 4619 267 4681 lib.
284 4623 444 4696 cusancia
460 4627 632 4702 uirginitate
653 4645 721 4709 cap.
738 4631 789 4693 st.
807 4632 919 4695 Melius
934 4680 942 4703 ,
959 4634 1068 4711 inquit,
1119 4637 1256 4698 Umorem
1269 4636 1386 4699 habeut
1402 4643 1464 4711 etc.

209 4703 379 4777 preberent,
397 4722 499 4785 cuam
512 4717 703 4784 tererentur,
718 4714 811 4789 illest,
829 4730 930 4794 ynam
945 4717 1070 4779 occultu
1157 4719 1276 4780 heinric
1292 4720 1387 4786 ratio,
1403 4735 1494 4796 cuam
1510 4720 1668 4796 spostolus
1684 4717 1784 4782 reddit
1798 4763 1806 4792 ,
1821 4714 1983 4777 nimimm:

210 4785 345 4864 marma
360 4791 641 4867 concupiscentiae
665 4795 791 4873 inipso
811 4797 1073 4877 concupiscentia
1117 4801 1230 4868 Melius
1246 4801 1440 4876 estnubere,
1458 4817 1558 4880 quam
1573 4803 1640 4868 uri.
1656 4802 1731 4864 satis
1746 4799 1873 4870 indicat,
1890 4797 1983 4860 rerba

194 4909 197 4920 ·
211 4877 427 4944 vastarentur,
444 4887 526 4952 quos
539 4876 926 4956 poenilctprolessionis‚
944 4887 974 4944 ct
984 4882 1073 4961 pipet
1118 4885 1333 4962 apostoliam
1351 4883 1619 4962 praeceptumsed
1635 4883 1874 4962 permissionem
1886 4881 1984 4942 conti·

212 4954 432 5030 canlessionis.
447 4953 535 5018 idem
549 4975 577 5018 s.
593 4959 782 5038 Augustinus
793 4963 894 5027 tibae
905 4962 987 5026 bauo
1000 4981 1072 5027 cun·
1118 4983 1204 5029 nore.
1221 4967 1257 5028 Ut
1272 4967 1355 5028 enim
1370 4966 1606 5046 chrysostomus
1622 4966 1880 5043 aolstapostolns
1891 4962 1984 5023 ratio·

212 5035 307 5113 iugali
323 5053 351 5098 c.
369 5037 418 5098 tc.
435 5037 522 5108 attii,
540 5039 786 5116 inquinabatur
799 5045 859 5108 boc
872 5051 1073 5126 temporeso·
1118 5065 1175 5112 nes
1192 5048 1343 5129 adjungit,
1361 5066 1399 5112 ne
1416 5047 1554 5110 rideatur
1587 5047 1755 5128 legislatio,
1767 5047 1799 5109 id
1814 5046 1897 5124 cuod
1915 5046 1986 5123 ipsc

212 5117 258 5176 tos
274 5134 336 5190 aas,
353 5121 412 5198 qui
425 5137 539 5184 senon
550 5124 903 5208 conlinmttconp'upuri
914 5134 1070 5207 oportere,
1118 5131 1203 5194 dixit:
1222 5135 1262 5194 tc
1277 5136 1434 5211 practerea
1451 5132 1526 5193 ratic
1543 5133 1609 5212 ipsa
1625 5149 1686 5196 noa
1701 5129 1986 5203 concludit‚ncces·

211 5203 394 5263 secundum
416 5203 510 5270 illuns
535 5203 681 5284 ciascun
708 5211 1072 5287 apostalisenlentiam:
1118 5217 1231 5277 surium
1249 5231 1319 5276 esse
1334 5215 1571 5286 matrimonium,
1603 5216 1658 5276 sed
1676 5213 1792 5274 licitum
1809 5217 1839 5274 ct
1855 5211 1985 5288 permis·

215 5278 346 5375 Quodsi
358 5299 393 5345 sc
405 5300 475 5349 uun
489 5290 656 5352 corotinent
670 5337 677 5365 ,
693 5291 821 5356 nubam
831 5313 844 5369 ,·
860 5293 974 5357 melitus
985 5302 1031 5358 cst
1042 5314 1072 5358 e·
1119 5315 1198 5359 sum:
1217 5298 1286 5358 liam
1303 5297 1360 5358 elsi
1376 5299 1487 5358 melias
1503 5304 1550 5358 est
1566 5299 1695 5370 nubere,
1712 5294 1985 5374 memoriaenon

212 5363 428 5440 memorabere,
445 5386 545 5448 quom
559 5373 627 5435 uri.
844 5419 846 5424 -
1118 5386 1165 5442 cst
1181 5381 1335 5458 quaecum
1353 5382 1472 5442 tertium
1489 5383 1600 5442 aurelius
1615 5385 1759 5458 utruque,
1777 5379 1868 5452 idest,
1886 5375 1987 5438 eonti-

251 5444 345 5538 Poma
370 5448 606 5526 chrysostomus
622 5455 706 5518 risus
722 5461 770 5520 cst
785 5456 873 5523 Petro
897 5460 1018 5540 biartyri
1032 5461 1072 5524 do
1118 5479 1204 5530 nere.
1222 5471 1251 5525 et
1266 5463 1419 5526 ustionem
1435 5465 1534 5524 inedia
1552 5470 1581 5524 et
1597 5461 1762 5540 lachrymis
1777 5461 1987 5537 restinguere.

214 5532 380 5622 tentsttonc
406 5533 470 5594 sole
487 5534 569 5598 hunc
584 5539 686 5604 locum
709 5539 922 5616 intellexisse,
940 5546 994 5606 sec
1011 5560 1072 5606 non
1120 5547 1301 5624 tgtuorrrudo,
1319 5545 1344 5605 si
1361 5547 1431 5622 lytris
1447 5546 1580 5616 diceret,
1600 5545 1650 5624 qui
1668 5561 1728 5606 non
1747 5545 1807 5604 rull
1822 5557 1985 5622 pugnare.

212 5615 494 5687 ttaest3s1canim
523 5617 758 5696 chrysostomus
782 5623 965 5688 brevissima
980 5643 1072 5704 espo-
1119 5629 1224 5708 fugiat,
1242 5627 1313 5706 quin
1330 5629 1441 5689 arctius
1457 5635 1504 5688 cst
1520 5631 1732 5704 luycrcayuam
1749 5627 1862 5700 occini,
1881 5627 1908 5686 is
1924 5641 1987 5685 non

211 5691 456 5774 suiusipuilicct
470 5703 633 5788 apostolas
648 5712 775 5788 precata
788 5708 829 5777 sil
845 5710 1072 5788 conccupiscen·
1120 5710 1296 5801 imperaret,
1314 5712 1368 5774 scil
1385 5711 1573 5788 permitturct
1590 5710 1767 5789 iugarnprau
1785 5707 1865 5772 cniur
1881 5706 1985 5786 prohi-
