4082 6300
290 317 341 378 ldl
925 322 968 379 nu
986 317 1088 382 nulls
1108 317 1291 382 maihstau

257 455 399 518 drantius
414 455 444 517 in
461 455 657 518 contessioue
673 455 772 536 rapite
787 455 827 520 da
841 455 992 534 Ecclesia,
1008 475 1078 538 prc-
1122 455 1324 535 praedicatur,
1341 455 1470 532 intesta
1491 458 1754 538 praedicatoribus
1769 453 1873 526 missis
1888 465 1928 528 ab
1940 484 1990 530 nr·

216 535 365 600 tertillud
380 537 470 600 laan.
487 538 537 601 lt).
553 537 629 602 llius
643 537 842 614 distillans,
858 541 997 621 adquae
1011 558 1077 605 ser·
1120 538 1236 601 uinaria
1257 539 1407 620 patestate
1425 559 1433 602 ι
1450 543 1571 621 Alioqui
1585 543 1725 608 uidemus
1742 546 1914 626 praedicari
1937 550 1990 611 in·

214 623 341 688 anchei
353 623 457 701 fuctus
472 627 527 684 eat.
542 621 584 684 Et
597 623 671 683 illud
689 621 739 684 ιι.
756 639 826 702 cap.
845 623 900 686 lus
914 628 1033 688 mundi
1047 641 1077 689 a·
1122 627 1167 681 ter
1181 622 1352 686 haereticos
1366 624 1513 687 variacum
1528 630 1679 690 sectarum
1701 627 1754 690 ubi
1776 645 1839 692 nun
1854 628 1983 694 lructili·

212 707 270 770 clia
281 711 416 785 propter
428 719 631 777 aequaeuam,
647 719 745 785 quent
760 705 921 786 loquutus
935 721 1010 770 saun
1022 725 1074 771 uu·
1120 711 1168 764 cat
1183 704 1374 769 nisilollum.
1391 707 1549 770 lldlocum
1564 707 1770 790 chrysostomi
1797 710 1862 791 jam
1886 731 1989 795 saepe

213 787 273 851 his.
289 788 347 851 Illa
362 787 444 848 euim
460 792 507 848 εει
522 786 671 862 Ecclesia,
681 801 767 866 quoe
782 793 830 850 εει
845 789 957 852 munda
972 807 1075 855 curam
1120 788 1349 865 respondimus.
1378 788 1424 851 hd
1450 791 1518 853 locu
1530 791 1701 870 ¹Augustini
1728 796 1918 872 respondeo,
1952 814 1991 860 ex

213 873 290 934 beu.
307 871 343 934 Et
356 870 433 932 illud
458 869 545 932 ltorn.
564 873 593 930 t.
608 870 825 950 Euunpcliuna
842 873 945 935 ιιιειιιε
959 871 1017 935 tica·
1031 879 1076 936 est
1120 867 1273 948 Scriptura
1290 871 1423 948 probari,
1441 873 1494 937 ubi
1508 874 1547 936 ειι
1561 873 1701 938 Ecclesia
1715 921 1724 946 .
1745 892 1807 938 non
1823 884 1982 959 tamquam

212 957 251 1018 in
262 955 403 1017 sulutem
427 953 518 1014 omui
538 953 694 1016 madenti.
709 953 799 1014 Addit
825 953 1076 1035 chrysostomum
1120 966 1157 1012 ex
1172 959 1241 1014 ncta
1257 954 1427 1026 Ecclesiae,
1444 957 1499 1018 sad
1512 957 1584 1036 quia
1600 956 1758 1036 Scriptura
1773 959 1877 1036 dccet,
1899 979 1983 1042 quae

212 1039 297 1100 bom.
314 1036 366 1098 lii.
384 1036 413 1096 in
430 1032 601 1110 Matthoua'
615 1051 691 1114 erqo
704 1037 773 1098 cult
787 1051 1077 1118 capnusccrcquac
1119 1033 1181 1095 εἰει
1196 1043 1284 1098 notae
1296 1037 1369 1099 dnm
1385 1037 1485 1112 docet,
1498 1039 1597 1117 qualis
1612 1038 1663 1102 illa
1679 1040 1740 1117 sil,
1757 1041 1811 1104 ubi
1829 1047 1982 1126 coeperit,

211 1122 346 1184 siluere
366 1117 511 1186 Ecclesia
537 1117 672 1193 Christi,
688 1120 778 1182 uude
803 1119 974 1200 copucscut
987 1169 994 1194 ,
1009 1123 1077 1184 nbi
1117 1120 1272 1194 quomoda
1285 1119 1427 1182 crercrlt.
1750 1175 1754 1190 .

212 1201 437 1266 tantummodo
450 1217 510 1279 per
524 1199 764 1280 Scripturostllt
778 1201 967 1280 Augustinus
980 1205 1071 1283 epist.
1159 1199 1260 1273 ilices,
1274 1201 1382 1269 saltem
1395 1201 1548 1280 Scriptura
1565 1209 1613 1265 eat
1634 1203 1745 1277 achor,
1768 1223 1859 1286 quam
1874 1208 1987 1274 Eccle-

213 1286 283 1348 ι66.
300 1286 341 1347 lu
356 1283 532 1362 scripturis
547 1283 725 1346 didicimus
741 1283 953 1357 diastematis
967 1287 1075 1367 Scrip-
1116 1280 1182 1351 sia.
1199 1285 1449 1364 quandoquidem
1465 1285 1537 1347 inde
1560 1287 1704 1362 probatur
1718 1288 1873 1354 Ecclesia.

210 1371 292 1442 talaia
306 1367 485 1430 didicimus
498 1365 677 1428 Ecclesiam
690 1371 747 1430 etc.
758 1367 834 1428 ltem
850 1369 960 1432 lib-da
976 1372 1074 1433 unita·
1156 1364 1542 1445 Respondeasimpliciler
1556 1367 1728 1432 Ecclesiam
1745 1387 1816 1434 esse
1833 1375 1986 1450 priorem.

210 1457 240 1514 ιε
256 1451 426 1524 Ecclesiae,
443 1465 512 1527 cap.
529 1450 560 1509 2.
575 1445 828 1527 Quaestio-inter
839 1467 900 1536 mos
913 1460 1072 1527 amatur,
1117 1452 1147 1507 ει
1162 1451 1323 1519 notiorem,
1339 1450 1485 1528 quamsit
1500 1449 1666 1528 Scriptura.
1683 1451 1755 1516 Nam
1770 1456 1911 1528 Ecclesia
1931 1458 1988 1520 lull

195 1568 198 1576 ·
212 1533 271 1597 ubi
284 1535 325 1596 sil
338 1533 495 1606 Ecclesia·
508 1531 589 1612 quid
601 1547 677 1610 erqo
686 1533 808 1610 facturi
827 1548 940 1596 sumus
953 1536 992 1598 aaa
1004 1551 1074 1599 aar.
1116 1536 1186 1592 ante
1208 1530 1407 1610 scripturam,
1431 1539 1462 1594 ει
1476 1534 1533 1612 ιρει
1550 1533 1618 1596 dala
1640 1542 1689 1598 εει
1702 1536 1857 1614 Scriptura
1871 1557 1887 1600 a
1905 1541 1988 1614 Deo,

208 1617 259 1681 ‘his
269 1615 389 1680 anchis
404 1631 478 1676 cunt
486 1615 680 1693 quaesituri,
697 1631 744 1677 cu
763 1618 802 1678 in
828 1617 933 1678 subu
957 1620 1073 1698 cupitis
1117 1618 1147 1673 ct
1162 1613 1227 1690 ipsu
1242 1629 1309 1676 euru
1321 1615 1389 1677 aliis
1401 1614 1501 1686 tradit,
1518 1620 1549 1678 et
1563 1616 1706 1696 explicat:
1723 1627 1827 1684 lamen
1841 1621 1982 1702 aliquan·

209 1703 371 1780 suscipata
386 1701 474 1778 quud
493 1697 650 1776 potiusa‘n
662 1697 866 1760 illiusuerbis
882 1715 954 1762 com
976 1717 1074 1782 quac·
1118 1695 1157 1756 do
1173 1712 1210 1756 en
1226 1697 1387 1776 hypothesi
1404 1687 1592 1776 Scrlpluram
1604 1715 1676 1764 csse
1691 1702 1985 1784 notioreu1,quandc

208 1799 280 1848 aare
295 1780 482 1846 debeamus.
498 1779 557 1859 qui
568 1781 687 1841 cautus
709 1786 764 1854 cat,
792 1787 821 1843 ct
845 1783 962 1859 optima
985 1787 1075 1848 aynau
1117 1777 1259 1842 uidelicet
1271 1779 1427 1859 Scriptura
1442 1787 1620 1864 estrecepla
1635 1827 1642 1856 ,
1658 1789 1690 1846 et
1703 1785 1783 1846 clare
1797 1785 1936 1866 loquitur
1952 1796 1983 1850 et

209 1881 326 1944 corpus
337 1879 446 1926 suurn.
461 1861 496 1922 Et
512 1861 584 1939 bap.
601 1860 632 1923 3.
658 1861 729 1926 Nou
757 1863 961 1933 audiamus,
990 1867 1070 1930 boec
1117 1859 1211 1923 oritur
1226 1863 1368 1937 quaestio·
1379 1863 1417 1926 de
1430 1862 1496 1942 ipsu
1518 1863 1672 1944 Ecclesia.
1693 1865 1780 1930 Sicut
1794 1868 1952 1940 interdum
1969 1887 1987 1934 e

209 1951 297 2018 diac,
310 1947 390 2010 llaec
406 1947 501 2020 dicia·
515 1945 573 2006 sed
598 1944 797 2012 audianeus,
814 1946 894 2009 huuc
909 1949 989 2011 dicit
1013 1949 1075 2012 Da·
1117 1945 1267 2007 contrario
1283 1945 1420 2008 Ecclesia
1436 1953 1483 2008 est
1497 1954 1639 2024 recepta.
1654 1953 1684 2012 el
1696 1956 1782 2018 nula.
1797 1958 1828 2014 el
1842 1951 1989 2032 quaestio

208 2033 330 2094 acinus.
347 2029 384 2091 Et
399 2028 491 2090 intra:
505 2025 582 2090 llclc
604 2026 747 2090 bonriuis
773 2027 994 2096 documentis.
1016 2035 1075 2097 scd
1116 2028 1212 2088 oritur
1227 2028 1266 2089 de
1281 2027 1456 2106 Scriptura:
1472 2033 1502 2092 et
1514 2029 1560 2090 sic
1577 2047 1672 2093 unum
1685 2033 1836 2110 *probatur
1857 2053 1896 2098 ex
1913 2038 1990 2098 alte·

209 2114 329 2177 diuinis
341 2112 483 2175 oraculis
494 2115 642 2172 sunctum
657 2111 835 2173 Ecclesium
845 2114 1074 2180 demoraatruaa'.
1116 2124 1162 2173 ro:
1180 2111 1264 2172 verbi
1278 2111 1510 2190 gratiaquando
1532 2113 1745 2196 disputabatur
1767 2117 1806 2178 dc
1831 2117 1989 2196 baptismo

250 2197 446 2276 liaspcndeu.
465 2196 583 2254 Primus
601 2194 691 2255 lucus
705 2209 768 2255 uon
783 2195 874 2256 docel
895 2196 947 2258 ubi
962 2197 1002 2260 ειι
1013 2198 1070 2261 Ec·
1116 2191 1353 2264 haereticarum,
1366 2194 1436 2271 quia
1453 2193 1608 2271 Scriptura
1624 2196 1757 2260 obscure
1788 2199 1939 2278 loquitur.
1959 2210 1990 2265 ει

208 2279 315 2352 elegia,
333 2279 389 2342 sen
405 2279 507 2351 donar,
520 2276 573 2355 qni
590 2275 652 2337 sini
667 2275 926 2347 classicianum
939 2281 990 2360 qui
1007 2297 1072 2344 aar.
1115 2273 1252 2337 Ecclesia
1265 2284 1336 2338 uota
1349 2283 1423 2350 erat,
1442 2276 1631 2356 Augustinus
1647 2280 1796 2358 probabat
1807 2281 1986 2347 secuudum

209 2365 248 2426 de
263 2367 498 2442 perseueranter
509 2359 659 2433 audiunt,
676 2364 707 2422 at
721 2360 855 2422 retinent
876 2362 1014 2432 verbum,
1042 2371 1074 2426 ιιι
1116 2355 1288 2435 Scripturas
1300 2365 1398 2420 ratum
1420 2375 1491 2422 essa
1512 2359 1696 2438 baptismum
1726 2364 1982 2436 baereticorum

207 2445 333 2524 exponit
349 2443 552 2522 Augustinus
569 2440 644 2502 Cum
661 2449 762 2503 aulem
779 2457 840 2504 uun
865 2445 965 2525 possit
986 2445 1071 2520 sciri,
1116 2441 1185 2519 qaia
1201 2440 1337 2506 Ecclesia
1350 2442 1435 2504 illum
1448 2443 1540 2504 babet
1555 2460 1609 2520 pro
1623 2443 1901 2524 rato.Goutra‚aum
1923 2450 1988 2512 dis·

207 2529 260 2607 qui
272 2526 365 2589 eorde
380 2525 523 2600 audiant,
540 2539 602 2585 nun
624 2529 727 2604 potest
743 2524 820 2586 haec
845 2537 917 2588 esse
942 2526 1073 2592 risibilis
1116 2523 1278 2600 putabatur
1307 2524 1347 2586 de
1361 2523 1526 2592 Ecclesia.
1556 2543 1595 2588 un
1611 2536 1695 2604 esset
1710 2528 1742 2590 in
1758 2531 1821 2593 solu
1854 2533 1957 2594 Africa
1976 2579 1984 2605 ε

208 2618 279 2673 ncta
295 2608 466 2681 Ecclesiae,
484 2607 540 2669 sed
566 2612 614 2668 est
638 2613 708 2668 noth
724 2606 903 2686 unicuique,
916 2615 950 2670 ui
964 2611 1073 2675 saltem
1116 2608 1187 2683 qula
1203 2606 1377 2686 Scripturas
1390 2615 1533 2685 receptae
1555 2614 1585 2670 et
1600 2611 1700 2672 clarae
1716 2619 1819 2676 erunt.
1837 2615 1912 2678 inda
1929 2616 1989 2677 hu·

208 2689 458 2771 conjecturaliter
472 2692 737 2768 cognoscatsuum
752 2690 949 2754 electionem.
999 2700 1002 2742 5
1116 2688 1443 2766 qustiuasprobabat3
1464 2697 1495 2751 ct
1517 2691 1597 2754 idem
1625 2709 1683 2756 nos
1711 2693 1887 2767 iaciemus.
1917 2715 1987 2760 eum

250 2773 414 2837 Secundus
427 2773 517 2835 lucus
533 2769 610 2832 nihil
626 2772 746 2848 probat;
762 2787 832 2833 nam
845 2773 898 2834 illa
913 2776 1071 2840 mundatio
1117 2773 1307 2834 deducemus
1324 2778 1411 2834 notas
1430 2773 1590 2836 Ecclesiae
1605 2791 1643 2838 ex
1658 2775 1836 2854 scripturis,
1850 2781 1907 2841 scd
1926 2797 1988 2842 non

207 2864 255 2920 εει
269 2855 435 2920 inuisibilis
451 2901 459 2926 ,
477 2870 536 2916 nee
561 2853 674 2916 Paulus
696 2855 738 2916 ihi
754 2853 818 2916 ruli
842 2855 967 2930 docere,
993 2876 1073 2937 quan
1117 2861 1277 2931 practerea
1291 2854 1448 2934 Scriptura
1475 2863 1523 2917 est
1537 2857 1721 2935 simpliciter
1751 2862 1850 2926 rectior
1867 2907 1875 2936 ,
1894 2879 1989 2941 quana

207 2942 258 3012 sit,
275 2939 323 3003 uel
339 2936 393 3000 ubi
405 2939 446 2999 sit
458 2936 599 2999 Ecclesia
617 2981 625 3012 ,
642 2937 698 2999 sed
712 2937 787 3016 quid
802 2937 877 3000 boni
891 2938 975 3002 Deus
996 2957 1068 3006 cou-
1116 2935 1267 3000 Ecclesiu-
1299 2991 1303 2998 .

209 3023 313 3086 tulerit
326 3020 497 3083 Ecclesiae.
975 3047 981 3058 .
1158 3018 1298 3082 Secunda
1315 3024 1384 3081 nota
1401 3019 1512 3096 iisdem
1526 3024 1717 3098 argumentis
1738 3024 1897 3090 relabatur.
1916 3027 1990 3090 llam

248 3105 381 3176 Tertius,
397 3117 460 3164 non
475 3103 666 3165 demonstrat
681 3100 732 3163 ubi
745 3102 1006 3179 sitEcclesia‚sed
1018 3107 1072 3170 ubi
1116 3100 1216 3164 Primo
1232 3117 1299 3164 oum
1329 3101 1390 3166 sibi
1412 3118 1521 3165 omnes
1547 3105 1712 3168 vendicant
1727 3125 1735 3168 :
1748 3140 1754 3172 s
1767 3117 1835 3170 nain
1863 3117 1988 3188 praeter

207 3187 248 3250 sit
263 3187 414 3250 Christus.
440 3185 496 3246 llbi
511 3185 593 3266 eninr
609 3189 659 3246 εει
673 3199 744 3246 rora
761 3183 925 3257 Ecclesia,
950 3187 993 3249 ihi
1024 3195 1072 3252 ἐει
1116 3185 1298 3254 catholicos.
1325 3183 1506 3248 dalrinistae
1523 3185 1592 3250 idco
1604 3189 1737 3265 separari
1752 3198 1855 3253 sunta
1872 3193 1987 3258 Lutbc·

207 3269 371 3333 Christus:
388 3269 548 3330 Praeterea
561 3268 587 3329 ει
602 3270 782 3346 congregari
798 3270 829 3331 in
847 3270 971 3335 nomine
987 3269 1072 3336 dhri-
1116 3268 1201 3329 ranis
1213 3267 1344 3330 caeteris
1357 3313 1367 3340 ,
1379 3268 1463 3347 quod
1479 3269 1600 3348 uirique
1622 3278 1753 3348 pulani.
1781 3290 1816 3338 sc
1831 3276 1918 3338 solos
1935 3277 1987 3338 ha·

207 3355 246 3416 sti
263 3354 386 3415 situata
403 3349 584 3430 Ecclesiae,
613 3361 695 3411 certe
715 3365 778 3412 non
808 3353 867 3414 crit
890 3355 1071 3434 congregari
1117 3348 1312 3412 bereverum
1335 3357 1559 3414 sacramentum
1584 3354 1799 3418 eucharistiae.
1822 3357 1988 3438 Anabapri-

208 3435 500 3515 quomodocumque
516 3431 686 3493 innomine
702 3429 813 3496 Christi
829 3482 837 3504 ,
867 3433 913 3494 sic
942 3434 1025 3498 enim
1040 3455 1073 3500 n·
1117 3437 1182 3494 stae
1196 3440 1298 3494 autem
1311 3432 1443 3511 separati
1456 3440 1528 3496 sunt
1543 3435 1581 3496 ab
1599 3439 1748 3516 utrisque,
1763 3440 1833 3516 qula
1849 3457 1884 3502 se
1901 3443 1988 3504 sulus

206 3533 297 3580 annes
312 3517 481 3586 haereses,
503 3521 535 3576 ει
548 3516 712 3577 schismata
728 3522 954 3596 congregantur
968 3517 1000 3579 in
1018 3533 1071 3582 aa·
1118 3521 1227 3591 putant
1241 3517 1355 3578 hahere
1386 3531 1489 3580 rerum
1519 3531 1612 3582 usum
1639 3517 1796 3598 baptismi.
1824 3521 1986 3586 Praeterea

208 3602 292 3664 mine
303 3598 438 3662 Christi:
456 3599 511 3661 secl
528 3597 585 3658 erit
600 3599 780 3674 conprecari
795 3598 834 3660 ab
851 3598 989 3676 illisqui
1005 3601 1073 3664 lun·
1117 3598 1273 3677 Pelagiani
1289 3597 1444 3661 habebunt
1459 3601 1560 3660 omnia
1575 3609 1776 3675 sacramenta,
1792 3611 1824 3665 et
1839 3603 1987 3670 simililer

207 3689 321 3764 guntur
331 3682 443 3743 ¹christi
460 3680 649 3754 auctoritate,
666 3681 774 3758 quales
788 3691 861 3744 sunt
875 3682 1013 3762 episcopi
1027 3685 1073 3747 le·
1118 3695 1227 3744 omnes
1242 3681 1443 3744 schismatici.
1453 3680 1607 3757 Secundo,
1619 3683 1775 3762 legitimus
1789 3701 1866 3750 usus
1881 3705 1985 3752 sacra-

208 3768 315 3846 gitlme
327 3765 470 3837 ordinati,
488 3769 518 3824 et
532 3763 739 3824 succedentes
755 3765 823 3826 aliis
845 3772 875 3828 et
890 3764 958 3832 aliis
972 3783 1073 3847 usque
1117 3769 1291 3826 mentorum
1303 3764 1405 3826 minus
1421 3769 1512 3826 notus
1526 3773 1686 3845 est,quum
1698 3765 1987 3834 sitEccleslu.Nam

207 3850 245 3911 ad
267 3848 443 3928 apostulus,
474 3861 552 3925 quus
568 3845 709 3907 Christus
735 3848 834 3925 primo
864 3847 990 3927 reliquit
1005 3852 1073 3913 loco
1118 3847 1171 3908 ille
1186 3853 1233 3908 est
1245 3847 1401 3925 legitimus
1416 3854 1675 3912 sacramentorum
1691 3853 1834 3929 usasqai
1847 3859 1898 3916 est
1909 3871 1984 3916 con·

209 3948 278 3994 suo.
291 3929 330 3996 Et
342 3931 388 3992 sic
404 3932 463 3992 ista
477 3935 547 3991 nota
563 3928 793 3992 coincidit'cum
809 3929 933 4003 nostris,
950 3932 992 3993 de
1007 3935 1075 4012 qul·
1117 3928 1222 3991 lucaris
1238 3929 1462 4006 scriptumest
1473 3929 1532 4007 ipsi
1547 3930 1673 3992 ducent:
1692 3931 1867 4011 scripturae
1882 3945 1986 4000 autern

208 4015 403 4093 husposteu.
774 4073 777 4080 ,
1117 4011 1307 4087 pendentab
1323 4010 1665 4086 Ecclesiamuncoulru,
1683 4018 1984 4094 utsaepediximus.

248 4095 380 4172 Quartus
395 4097 485 4158 locus
499 4093 573 4156 nihil
591 4093 710 4173 probat.
727 4093 840 4168 Prima,
871 4094 942 4173 quia
969 4095 1011 4156 ibi
1027 4097 1072 4159 di·
1117 4091 1216 4156 'lertio
1231 4092 1370 4180 Ecclesia
1386 4092 1611 4158 Corinthiarum
1627 4101 1690 4158 erut
1704 4112 1773 4160 rere
1789 4098 1943 4174 Ecclesia,
1956 4109 1987 4166 ει

208 4187 320 4244 cuuiur
341 4177 383 4242 dli
409 4178 466 4240 suli
496 4179 677 4256 principes,
710 4175 823 4254 quibus
851 4175 934 4238 Deus
956 4177 1072 4256 aliquid
1118 4181 1218 4238 hmcu
1235 4176 1265 4236 l.
1282 4174 1430 4239 Corinth..
1444 4176 1494 4240 ll.
1511 4179 1781 4254 reprehenduntur
1807 4181 1985 4258 Corinthii.

208 4261 406 4338 coraamisihid
422 4259 504 4322 enim
517 4259 641 4322 ustilari
658 4259 697 4320 nd
712 4261 846 4339 aliquem
862 4258 987 4322 uerbum
1001 4261 1068 4326 liei.
1116 4257 1200 4333 quud
1226 4273 1288 4319 nnn
1314 4257 1436 4320 ducere
1461 4265 1624 4322 tractarent
1649 4264 1849 4343 praecipuum
1883 4282 1987 4330 sacra·

209 4339 366 4416 Secundo,
382 4343 454 4420 quia
468 4343 596 4404 uerbum
610 4341 666 4404 Del
679 4354 738 4404 non
756 4343 827 4411 l'acll
841 4342 923 4404 Deos
938 4389 945 4411 ,
962 4343 988 4403 ει
1006 4348 1069 4404 lan·
1115 4345 1301 4404 mentorum.
1317 4347 1347 4402 ει
1362 4339 1504 4403 similiter
1519 4341 1681 4406 Ecclesiae
1706 4345 1884 4418 lirinense,
1902 4367 1984 4428 quae

207 4433 273 4488 tum
290 4427 494 4502 praedicetur,
510 4424 566 4486 sed
582 4424 609 4485 ει
635 4424 800 4504 recipiatur
814 4431 845 4488 ει
859 4425 1002 4488 credatur
1015 4445 1023 4488 ι
1037 4430 1072 4490 ιι
1116 4429 1203 4484 cram
1217 4423 1276 4485 sub
1292 4422 1454 4502 Cypriane,
1470 4430 1501 4486 et
1512 4425 1570 4486 suh
1581 4425 1645 4488 illis
1659 4426 1711 4489 86.
1725 4429 1895 4508 episcopis,
1906 4449 1984 4511 qao·

209 4508 269 4570 boc
284 4507 443 4570 invisibile
454 4512 514 4580 est,
531 4512 564 4568 ut
579 4511 673 4582 putet.
828 4536 831 4546 .
858 4522 863 4532 ‘
1115 4509 1367 4567 rumscntentias
1384 4507 1556 4585 ipsorclert
1567 4509 1597 4570 ln
1614 4509 1742 4587 epistola
1755 4512 1792 4574 ad
1805 4514 1981 4589 Quirinum,

251 4590 486 4664 Quintus-lacus
502 4589 676 4651 estsimilis
696 4589 862 4662 secundo,
889 4591 971 4653 unda
986 4591 1069 4655 idern
1115 4603 1204 4650 verae
1221 4587 1379 4666 Ecclesiae
1400 4594 1548 4662 sacratui
1572 4589 1681 4654 beatus
1703 4595 1894 4672 Augustinus
1922 4599 1979 4660 lih‘.

209 4674 350 4740 breulius
363 4671 621 4746 dicit‚Ecclesiam
632 4685 703 4732 esse
719 4673 863 4734 mundam
876 4688 976 4735 corum
994 4675 1066 4746 bec,
1115 4671 1146 4732 ti.
1163 4687 1232 4749 cap.
1250 4671 1280 4735 ι.
1297 4671 1336 4732 dc
1351 4670 1549 4749 baptismum
1562 4673 1672 4737 beatus
1686 4675 1893 4757 Hieronymus
1908 4697 1984 4744 oon·
2033 4731 2034 4746 .

208 4756 307 4827 idest,
319 4771 381 4818 nun
396 4757 498 4817 coram
525 4754 720 4831 hominibus3
750 4765 780 4817 ct
806 4771 867 4817 nun
890 4757 1072 4820 arluertitex
1115 4759 1160 4814 tra
1181 4751 1528 4831 Lucileriunusdocen13
1545 4762 1576 4816 ct
1591 4762 1690 4819 tamen
1707 4762 1903 4824 nunsincerc
1921 4769 1981 4826 tra·
2033 4749 2034 4770 ¹

209 4839 267 4904 bac
282 4845 353 4904 uola
368 4837 458 4916 sequi
473 4884 482 4912 ,
498 4838 581 4900 illam
597 4835 664 4898 lieri
678 4835 742 4898 llco
764 4838 980 4915 maniiestani,
1008 4855 1070 4904 non
1115 4834 1237 4898 ulabant
1262 4840 1487 4898 sacramentum
1503 4837 1657 4914 baptismi.
1675 4848 1707 4902 ut
1722 4841 1816 4905 iidem
1828 4845 1980 4926 hierony·

208 4921 312 4985 nobis.
407 4951 410 4964 ι
461 4912 466 4921 ’
784 4966 786 4975 .
1117 4915 1684 4997 rrruscillugustinusibldemdocent
1800 4971 1804 4978 .
2033 4981 2034 5010 ,

250 5003 359 5068 Sextus
374 5002 549 5066 lucusuibil
563 5002 693 5082 probat;
710 5017 780 5065 narn
802 5001 1072 5086 ellectuserange·
1157 4999 1258 5063 Tertia
1273 5008 1343 5062 nota
1365 5002 1538 5076 retutanrlu,
1566 5008 1613 5066 est
1638 5006 1733 5068 cratin
1763 5014 1795 5070 ει
1808 5009 1981 5088 psalmodia

208 5083 242 5147 lii
257 5093 305 5148 nst
320 5087 497 5150 invisibilis,
923 5149 925 5152 ,
966 5161 968 5164 ¹
1117 5087 1255 5160 quaeest
1266 5089 1350 5146 saxia
1365 5083 1547 5170 bulherum.
1563 5085 1723 5166 Releltitur
1734 5099 1849 5166 autem,
1864 5095 1936 5172 quia
1954 5095 1982 5156 ει

219 5245 220 5250 ¹
248 5167 309 5230 Sed
325 5169 418 5231 instat
432 5167 585 5232 (latrinas.
612 5167 744 5230 Verbum
767 5167 822 5229 liei
847 5173 895 5230 εει
919 5161 1013 5242 lerna,
1038 5175 1068 5232 ct
1116 5165 1257 5244 loquatur
1271 5165 1310 5228 de
1324 5165 1530 5240 inuocatione.
1553 5185 1631 5247 quaa
1653 5188 1690 5233 ex
1706 5174 1800 5237 corda
1816 5175 1982 5252 procedit,

207 5248 394 5328 ubicumque
409 5252 624 5331 praedicatur,
646 5251 818 5323 lruclillcal,
836 5267 908 5332 crgo
925 5250 1064 5314 ubicum-
1113 5247 1278 5310 inuisibilis
1290 5256 1361 5312 notu
1376 5253 1435 5321 est,
1452 5251 1479 5312 ει
1494 5250 1532 5312 de
1547 5257 1670 5314 externa
1694 5261 1795 5318 tamen
1813 5256 1985 5324 invocatio·

207 5349 267 5412 que
283 5332 545 5413 praedia-atanici
560 5339 608 5396 est
618 5334 717 5413 aliqua
728 5333 885 5396 Ecclesia.
1109 5347 1150 5394 no
1165 5337 1196 5396 el
1210 5330 1393 5409 psalmodia,
1410 5337 1457 5393 εει
1469 5338 1538 5400 uota
1550 5336 1816 5402 communissima.
1830 5340 1903 5404 llam
1918 5341 1980 5406 hoc

247 5415 445 5494 despondeo.
461 5417 495 5478 si
509 5417 582 5496 quid
598 5417 708 5497 probat
721 5418 800 5480 hacc
821 5416 897 5491 ratio
914 5463 922 5492 ,
947 5420 1063 5478 lantum
1109 5420 1247 5492 tempore
1258 5427 1368 5488 omnes
1382 5418 1496 5486 seciae,
1520 5415 1610 5476 etiam
1626 5418 1917 5500 hnabuptistmum,
1935 5426 1984 5488 di·

205 5497 315 5576 prabet
330 5543 338 5566 .
356 5497 627 5577 columellatos,
654 5498 698 5562 ibi
710 5515 781 5563 csse
796 5500 915 5584 aliquas
940 5498 1061 5574 bonos;
1109 5503 1183 5558 cuni
1195 5494 1365 5558 oraticnem
1386 5495 1581 5570 dominicam,
1598 5503 1753 5564 etcaaunt
1768 5505 1903 5582 psalmos
1920 5507 1982 5570 lin.

205 5579 263 5642 sed
278 5593 335 5642 uos
348 5579 421 5643 illus
437 5593 498 5642 nou
512 5583 665 5645 norimus.
675 5581 735 5644 Sed
752 5599 852 5664 nequa
867 5583 927 5644 boc
942 5581 1062 5662 probat;
1109 5595 1168 5656 qua
1182 5577 1309 5656 uulgari,
1320 5573 1355 5640 'at
1367 5577 1447 5640 idam
1463 5579 1536 5644 alirn
1554 5579 1707 5646 laciehaut
1721 5586 1825 5652 Ariani
1840 5634 1849 5664 ‚
1877 5595 1912 5652 ut
1931 5607 1984 5652 re·

207 5677 277 5724 nam
292 5662 418 5726 rcrbnm
430 5661 485 5726 Ilei
500 5677 624 5744 semper
637 5661 818 5741 fructificat,
842 5681 911 5728 cum
927 5664 1064 5741 legitime
1108 5659 1325 5725 tertSocrates
1340 5660 1395 5724 lib.
1414 5659 1446 5726 6.
1463 5679 1491 5724 c.
1514 5659 1545 5724 8.
1559 5669 1590 5726 et
1603 5665 1784 5732 Arnbrusius
1806 5670 1845 5734 dc
1857 5672 1987 5742 traden-
