4056 6302
854 361 1091 438 traeurnruas
1738 363 1772 422 ee

84 493 175 562 hobel
187 496 391 576 ioepcrotorl
405 493 487 560 Et'in
503 492 759 575 praevenientibus
773 495 868 560 relert
880 495 941 563 lio·
987 496 1104 560 reione
1117 495 1149 560 td
1165 495 1288 575 asseria
1299 499 1331 562 ct
1346 499 1501 580 praeterae
1515 495 1847 574 constellationum

84 581 159 641 siurn
174 577 340 658 scripsisse
355 577 456 642 eidem
471 576 657 642 Gooemntio:
674 577 732 653 lle,
747 577 868 657 inquit,
883 593 942 646 tto·
986 583 1059 642 lanc
1073 578 1170 642 luisse
1182 580 1349 644 diaetnnuun
1366 628 1374 656 ,
1390 587 1420 644 ει
1434 580 1527 647 inisse
1541 581 1577 644 ad
1595 579 1760 644 concilium
1776 597 1847 644 curu

84 662 130 725 bis
142 665 180 726 io
193 661 253 724 boc
265 677 384 741 pestere
395 663 558 743 praecipe,
570 661 629 724 scri
642 676 683 724 co
693 660 943 742 poliueauoble
983 661 1135 742 episcopo
1149 679 1206 725 suo
1221 662 1407 738 Alexandro,
1422 671 1453 726 et
1467 681 1525 728 nee
1540 663 1684 735 sedisse,
1700 677 1760 725 nec
1774 663 1848 726 sub·

84 747 180 808 disca
198 745 266 808 libi
285 744 370 808 lieres
383 744 558 824 imperium
578 745 756 819 emansit,
770 744 864 814 ειειιε
879 759 941 818 eo,
985 744 1161 824 scripsisse.
1177 745 1251 808 Vide
1268 746 1419 812 bobinum
1436 747 1491 810 lib.
1509 748 1560 810 ro.
1576 741 1649 810 bist.
1665 761 1732 826 cop.
1750 746 1801 807 ll.
1817 754 1848 808 ot

83 843 167 908 poce
181 833 257 892 sttui
277 829 463 900 Ecclesiae,
479 826 692 890 concredidit.
709 827 744 888 lit
757 841 819 891 uon
835 828 943 907 procul
985 825 1149 907 Sulpitium
1162 824 1711 908 libbe-acraehistoriae,Gregorium
1727 828 1847 891 uariau-

83 909 196 974 allue:
215 909 290 986 Qttie
305 910 415 983 mirra,
431 909 547 989 inquit,
561 910 675 974 cidem
690 925 765 973 cum
783 911 941 992 iudaeae·-
982 925 1095 972 acaum
1110 911 1245 973 cretione
1275 912 1306 972 in
1332 912 1539 984 atoenasium.
1554 919 1586 974 ει
1600 913 1700 983 ipsum
1716 910 1844 994 libana·

81 996 190 1058 stende
202 992 942 1076 pmocipemsefoccremmoopomtmelprmc·
984 991 1114 1056 siumin
1139 993 1278 1056 secunde
1299 992 1459 1075 Apologia.
1486 995 1577 1056 Porro
1603 993 1767 1056 diaconum
1796 1009 1845 1056 sc·

81 1075 331 1157 mdmciadiciis
345 1073 577 1146 ecelesiasticis,
591 1089 661 1138 esau
672 1076 787 1138 merito
802 1076 943 1156 diemal-
985 1075 1083 1146 dare,
1101 1077 1213 1142 nedum
1228 1076 1409 1155 praesidere
1431 1079 1461 1138 io
1477 1077 1594 1158 synodo
1610 1077 1826 1154 episcoporum
1841 1121 1849 1138 .

83 1159 231 1222 lumbam
239 1159 348 1240 ipsam
358 1157 633 1222 abominationem
644 1157 851 1224 desolationis
862 1173 940 1232 este,
988 1159 1047 1220 uisi
1062 1158 1162 1222 locum
1179 1164 1284 1222 teneat
1297 1158 1436 1237 episcopi
1451 1161 1518 1237 sui,
1535 1166 1582 1226 est
1593 1160 1717 1222 omnino
1733 1159 1850 1220 inaudi-

82 1257 166 1322 puoe
186 1257 210 1304 o
224 1242 357 1306 beatae
376 1242 548 1320 praedicte
567 1243 613 1304 cet
628 1242 646 1302 l
659 1239 716 1302 libi
738 1247 842 1320 aperte
857 1247 944 1306 nocet
988 1241 1129 1304 lumbos
1141 1247 1240 1304 aulem
1252 1242 1378 1305 tenebat
1390 1241 1491 1307 locum
1505 1242 1643 1322 episcopi
1653 1241 1849 1313 Athanasius,

82 1325 292 1388 Constantium
314 1325 529 1386 antichristum
544 1369 552 1396 ,
568 1323 639 1400 quia
655 1339 749 1386 ausus
766 1330 813 1384 εει
826 1325 943 1404 praesi·
986 1339 1056 1391 enam
1072 1325 1238 1404 episcopus
1262 1324 1334 1403 ipsc
1355 1323 1524 1388 Alexander
1550 1325 1673 1402 adesset
1688 1340 1848 1418 praesens.

81 1409 153 1471 dere
169 1407 328 1488 injudicio
342 1406 565 1470 eeclesiaslioo.
579 1404 822 1486 scribitquoque
837 1406 944 1470 Sridas
986 1403 1128 1485 Denique
1139 1405 1217 1469 inter
1228 1405 1767 1486 subscriptionesinueniturourdcm
1778 1407 1853 1470 sob-

81 1489 113 1552 ia
128 1491 188 1552 nita
204 1489 332 1564 Leontii,
350 1489 431 1568 cuod
447 1505 516 1551 cum
532 1489 677 1550 leontius
689 1487 897 1552 Constantiam
912 1491 942 1552 in
986 1487 1113 1567 scriptio
1134 1490 1326 1553 alexandrini
1346 1489 1484 1569 episcopi
1507 1489 1692 1564 Alexandri,
1715 1489 1853 1568 proximo

80 1573 213 1636 concilio
226 1573 452 1651 praesidentem
473 1578 504 1634 et
519 1571 697 1650 loquentem
710 1570 828 1634 videret
844 1617 852 1640 .
869 1573 944 1635 dixit
987 1571 1085 1650 posita
1106 1579 1177 1650 post
1198 1573 1461 1650 subscriptionem
1483 1587 1679 1636 romanorum
1693 1572 1853 1652 presbplc

81 1656 117 1717 ad
132 1671 216 1730 eum,
230 1655 333 1720 mirari
347 1654 478 1734 sceuod
494 1655 545 1716 ille
560 1655 753 1732 propriorum
768 1655 941 1734 negligens,
985 1669 1090 1716 rorum
1106 1699 1115 1730 ,
1131 1659 1161 1717 ει
1181 1655 1372 1735 subscriptio
1396 1655 1550 1719 Athanasii
1574 1671 1748 1734 unusquam
1764 1671 1853 1736 repe·

81 1737 172 1814 idcst,
187 1738 365 1813 bellorum,
382 1738 571 1816 aliorumque
586 1736 721 1798 cirillum
736 1737 940 1816 negotiorum,
985 1737 1073 1800 riter.

80 1837 115 1884 εε
129 1821 162 1882 iu
183 1821 295 1882 alicnis
310 1865 318 1886 .
336 1821 435 1892 idest,
452 1816 694 1892 ecclesiasticis,
713 1824 771 1880 tam
788 1819 942 1884 curiosum
1027 1817 1113 1896 Quod
1129 1833 1202 1899 ergo
1216 1819 1379 1900 praesides
1394 1819 1506 1884 luerint
1517 1817 1608 1900 legati
1620 1817 1775 1898 pontilicis
1787 1821 1853 1900 epi·

79 1902 252 1980 praeberet.
269 1906 304 1964 lt
318 1909 401 1966 certe
415 1917 473 1965 nee
487 1900 743 1971 Athanasiusnec
756 1901 943 1976 lloslus,uec
985 1917 1100 1980 scopus
1115 1901 1239 1975 Hosius,
1257 1905 1344 1966 i'itus
1360 1910 1390 1966 et
1404 1903 1582 1967 Vincentius
1595 1902 1852 1982 presbyteripro·

78 1985 226 2050 beoulius
240 1986 515 2064 reprebendisseat
536 1985 568 2046 in
583 1984 780 2058 Constantio,
797 1984 878 2060 cuod
894 2001 943 2067 sy·
988 1983 1076 2048 batur
1091 1984 1200 2062 primo,
1217 2002 1254 2048 ex
1269 1985 1602 2066 subscriptionibas.lli
1616 1985 1700 2048 caim
1716 1991 1780 2048 ires
1791 1985 1853 2064 pri·

79 2067 170 2132 nodis
185 2067 365 2148 praesidere
378 2065 566 2140 romissetsi
582 2071 670 2128 antea
684 2073 769 2144 pater
783 2064 851 2146 ejus
865 2066 941 2132 Con·
985 2067 1026 2128 mi
1041 2067 1177 2130 omnium
1198 2067 1466 2148 subscripserunt.
1482 2068 1645 2140 Secundo,
1662 2085 1699 2130 cx
1713 2066 1853 2134 Cedreno

79 2153 234 2215 staulinus
249 2155 281 2214 in
296 2151 428 2214 concilio
443 2149 572 2213 nicaeno
587 2148 809 2228 praesedisset.
985 2149 1016 2212 in
1039 2150 1222 2229 compendio
1244 2150 1469 2218 ilistoriarum.
1486 2157 1516 2214 ct
1537 2150 1643 2214 Pbotio
1666 2150 1697 2212 in
1719 2149 1798 2214 libro
1813 2154 1853 2214 dc

118 2231 204 2306 Quod
218 2233 396 2297 llustaibius
407 2249 467 2296 non
481 2233 571 2294 luerit
582 2229 869 2310 praeses,prabatur
880 2231 942 2311 pri·
985 2237 1104 2310 septem
1130 2233 1257 2313 synodis
1274 2277 1282 2306 ,
1301 2231 1355 2308 uui
1370 2235 1478 2297 dicunt
1503 2234 1690 2315 sylvestrum
1705 2249 1761 2312 per
1776 2251 1851 2296 suos

77 2333 150 2392 mo,
167 2318 240 2396 cuia
254 2317 287 2378 in
302 2312 530 2393 subscriptione
544 2313 722 2378 Eustnibius
744 2329 805 2375 oon
822 2314 940 2378 inaeni-
986 2316 1103 2394 lagatos
1128 2316 1259 2378 concilio
1285 2314 1420 2380 nicaeno
1446 2317 1653 2380 auctoritatem
1670 2316 1852 2380 contulisse.

77 2402 269 2480 torpuimus,
285 2413 345 2462 uec
360 2399 527 2472 sccundus,
544 2393 804 2472 metuissem
819 2393 941 2460 intera·
984 2397 1137 2465 Tertiam
1151 2397 1319 2461 Athanasio
1334 2397 1365 2461 in
1381 2399 1513 2480 epistola
1529 2399 1566 2460 nd
1582 2399 1746 2460 solita-riam
1762 2397 1853 2463 uitam

78 2483 137 2547 lios
151 2481 281 2544 interius
303 2482 434 2561 positus.
450 2479 617 2551 Secundo,
634 2479 706 2559 quia
728 2495 797 2542 cum
813 2486 897 2542 esset
909 2481 942 2544 in
984 2484 1124 2560 egeam,
1141 2481 1192 2542 ubi
1209 2481 1305 2556 dicit,
1321 2481 1451 2546 llosium
1466 2482 1638 2561 principem
1655 2479 1751 2544 luisse
1766 2481 1800 2546 in
1815 2499 1853 2544 eo

78 2563 212 2628 coneilio
227 2564 408 2637 alexander,
425 2561 643 2626 alexandrinus
658 2560 835 2640 episeopus,
845 2563 941 2626 nolio·
984 2563 1128 2646 concilio,
1144 2569 1176 2626 et
1192 2563 1292 2641 ipsum
1310 2577 1393 2641 csse,
1404 2564 1460 2672 spui
1474 2566 1646 2643 composuit
1659 2563 1848 2642 symbolam.

79 2649 183 2710 abeno
198 2647 298 2727 major
310 2653 342 2710 et
355 2643 667 2727 digniormullaratio
680 2643 813 2720 sinebat,
826 2649 862 2707 ul
873 2645 940 2725 ipsc
984 2647 1065 2722 arrad
1090 2645 1202 2708 elicitur
1216 2644 1394 2710 nicaenum.
1410 2653 1487 2710 bum
1511 2654 1613 2710 autam
1633 2645 1748 2712 Hosius
1763 2645 1853 2709 luerit

78 2729 289 2811 praecederet.
983 2728 1114 2806 simplex
1129 2727 1342 2808 episcopas,et
1356 2729 1489 2808 proinde
1504 2731 1628 2793 inlerior
1643 2728 1788 2792 omuibus
1800 2746 1852 2806 pu·

116 2814 156 2875 at
176 2812 321 2890 inquiunt
343 2809 624 2892 lagdeburgenses
640 2854 649 2884 ,
664 2807 745 2888 apud
769 2805 939 2874 Eusebium
984 2809 1134 2883 triarebis,
1150 2809 1350 2890 celerantia
1370 2828 1408 2875 eo
1429 2811 1572 2884 concilio,
1589 2813 1657 2875 sine
1669 2811 1764 2874 dubio
1776 2827 1853 2878 oau-

76 2895 134 2958 lib.
150 2895 181 2957 3.
197 2895 308 2956 devita
330 2892 540 2967 Constantini,
557 2891 688 2970 legimus
703 2907 773 2954 euru
787 2937 796 2967 ,
812 2891 863 2970 qui
878 2892 940 2972 pri·
984 2908 1074 2972 qoam
1089 2891 1251 2956 habuisset
1264 2893 1398 3036 ermum
1413 2897 1533 2972 laeum,
1551 2895 1609 2957 nisi
1627 2894 1725 2958 ricem
1739 2893 1853 2974 gessis-

77 2993 148 3040 mus
163 2977 321 3042 sedebnta
338 2977 452 3038 dcxtms
473 2974 663 3054 imperatoris
680 3019 689 3048 ,
705 2975 874 3036 orationem
888 2975 941 3038 ba·
983 2979 1031 3036 set
1045 2976 1161 3037 mmani
1177 2975 1260 3054 poati
1285 2976 1456 3054 cisltaoue
1471 2980 1503 3040 in
1518 2975 1706 3056 praelatione
1721 2977 1851 3057 quedam

75 3061 186 3122 baisse
201 3061 240 3122 de
256 3059 398 3122 leodibus
412 3057 617 3134 irnperetoris:
635 3056 711 3119 lium
726 3057 894 3136 autumpni
906 3073 938 3120 o·
982 3057 1106 3120 concilii
1120 3057 1320 3132 sardicensis,
1337 3075 1416 3138 quae
1447 3061 1577 3124 bebatur
1599 3058 1631 3123 io
1658 3060 1756 3135 primo
1771 3065 1853 3122 torno

74 3145 226 3204 rationem
248 3142 374 3214 babuit,
391 3146 531 3214 canstat,
554 3138 651 3202 luisse
672 3137 884 3216 liastntbiam,
901 3155 939 3204 cx
982 3139 1182 3202 conciliorum
1199 3187 1206 3212 ,
1223 3146 1256 3204 et
1268 3141 1398 3204 lortasse
1419 3148 1473 3205 esi
1491 3142 1629 3223 Dionysii
1644 3141 1752 3222 Exigui
1770 3187 1779 3217 ,
1798 3143 1852 3204 riri

74 3225 270 3290 Tbeodorclo
285 3225 339 3287 lib.
357 3225 387 3286 l.
402 3223 475 3286 bisi.
492 3239 560 3302 cap.
578 3222 606 3282 l.
621 3221 816 3298 llcspoudco:
828 3222 937 3286 biasia-
982 3222 1164 3294 doctissimi,
1180 3221 1304 3286 disertis
1318 3223 1420 3288 verbis
1438 3225 1580 3300 babetur,
1593 3225 1721 3290 llosium
1738 3224 1853 3289 ecrou-

74 3307 175 3370 tbiom
191 3307 287 3371 luisse
302 3306 432 3386 primum
444 3304 544 3368 dextri
568 3304 685 3367 ordinis
700 3303 938 3386 episcoporum,
982 3304 1111 3368 bensem
1127 3307 1158 3367 io
1174 3304 1303 3368 nicaeno
1318 3308 1455 3371 concilio
1470 3309 1603 3388 legatum
1616 3310 1720 3388 egisse
1733 3305 1850 3373 romani

74 3397 107 3452 ut
121 3388 277 3454 Eusebius
299 3388 396 3464 dicit,
414 3404 474 3450 non
496 3394 596 3450 mmen
618 3387 749 3465 primum
764 3387 939 3452 immediate
982 3385 1234 3468 pontiacis3qooa
1250 3389 1339 3451 etiam
1355 3405 1392 3452 ex
1406 3390 1520 3454 candiae
1531 3406 1642 3469 graeco
1654 3391 1783 3470 intelligi
1797 3407 1851 3468 po·

75 3480 149 3550 pust
164 3474 391 3552 imperatorem.
402 3470 525 3534 conatu
539 3471 622 3532 enim
636 3485 674 3532 ex
688 3469 848 3532 Athanasio
863 3471 895 3534 in
907 3486 938 3534 e·
983 3476 1053 3544 test,
1069 3470 1121 3550 qui
1136 3471 1167 3532 in
1183 3468 1316 3534 vaticana
1333 3469 1522 3536 bibliotheca
1538 3474 1679 3549 babetur3
1698 3477 1790 3552 eujus
1807 3481 1849 3536 ta·

74 3553 187 3633 pistule
203 3555 241 3616 ari
257 3553 423 3618 solitariam
436 3553 526 3616 ritem
541 3557 685 3631 egentes,
701 3549 828 3614 llosiam
843 3552 939 3618 luisse
983 3553 1159 3616 stimonium
1175 3553 1244 3616 ride
1258 3551 1291 3616 ln
1305 3553 1361 3618 lib.
1376 3555 1408 3618 2.
1416 3557 1460 3620 dte
1474 3555 1606 3619 eoncilia
1623 3558 1849 3630 nicaeno,edito

74 3638 250 3782 prijnolpem
266 3653 334 3718 epus
346 3635 515 3712 condilum
525 3634 653 3715 proinde
665 3640 736 3698 ante
747 3633 939 3700 lluslatbiana
982 3634 1195 3780 {bgblpbooso
1209 3627 1331 3714 Pisano,
1347 3638 1508 3702 societatis
1523 3637 1758 3715 lesu,lioloniee
1769 3655 1849 3704 enno
1898 3651 1902 3657 ·

73 3737 110 3784 se
135 3737 213 3784 esse.
1005 3739 1022 3779 s
1067 3763 1075 3780 .

114 3803 224 3883 ltaque
237 3800 286 3885 (si
303 3803 478 3883 conjectare
493 3797 586 3878 licet)
602 3805 664 3862 tres
680 3797 805 3862 ordinas
819 3797 941 3866 sedium
1023 3801 1198 3864 Secundam
1219 3801 1381 3864 concilium
1401 3803 1551 3882 generale
1571 3803 1628 3868 luit
1641 3804 1849 3868 constantino·

72 3893 164 3947 eraut
178 3887 210 3948 in
226 3885 370 3959 concilim
385 3899 466 3948 uuus
480 3900 497 3944 a
512 3883 639 3958 dextris,
654 3882 741 3944 aliter
755 3899 771 3944 a
786 3882 936 3957 sinistris,
983 3883 1150 3961 politanum
1165 3883 1190 3944 l.
1207 3885 1236 3944 in
1253 3901 1315 3963 quo
1329 3892 1453 3949 constet
1467 3903 1528 3950 aon
1544 3887 1741 3966 praesedisse
1753 3889 1847 3966 inopac-

74 3975 106 4030 ει
123 3969 233 4032 tertius
255 3963 285 4030 iu
301 3967 402 4048 eapite
417 3967 503 4030 tuine
518 3964 610 4028 totius
624 4015 631 4039 ,
647 3964 817 4044 etquidem
833 3964 866 4028 in
881 3965 940 4031 hoc
982 3972 1111 4030 retorem
1128 4010 1137 4040 ,
1154 3965 1208 4028 sed
1225 3972 1338 4028 tanturn
1361 3968 1488 4032 misisse
1504 3969 1543 4033 ad
1565 3970 1729 4049 episcopus
1745 3971 1848 4033 literas

73 4052 166 4113 tertio
192 4051 322 4114 sedebat
346 4050 467 4113 medius
482 4049 645 4128 imperator
667 4048 746 4109 inter
760 4047 936 4127 episcopos,
983 4048 1099 4111 romani
1121 4048 1274 4127 pontilicis
1291 4096 1299 4118 ,
1315 4049 1432 4129 quibus
1454 4052 1494 4114 ari
1514 4054 1679 4116 concilium
1699 4053 1846 4116 vocaban-

74 4133 208 4195 llosium
224 4135 355 4212 legatum
371 4130 540 4211 pontilicis.
558 4135 590 4192 ει
603 4130 803 4192 Alexandrum
819 4131 939 4208 episao-
983 4137 1043 4204 tur,
1056 4137 1090 4194 ut
1102 4137 1184 4211 palei
1198 4149 1234 4192 ex
1249 4132 1377 4210 epistola
1392 4135 1519 4197 concilii
1534 4135 1572 4198 ad
1588 4135 1844 4214 baninsum,apud

76 4231 152 4294 pum
173 4216 403 4304 alexandrinum
420 4261 428 4286 ,
445 4229 567 4278 necnon
581 4211 679 4275 Vitam
702 4217 733 4274 ει
748 4213 938 4278 vincentium
983 4214 1207 4277 l'beodoretum
1234 4214 1287 4276 lib.
1310 4215 1340 4276 5.
1368 4233 1440 4296 cap.
1462 4215 1493 4279 9.
1521 4215 1644 4280 Constat
1668 4218 1757 4280 etium
1785 4237 1844 4280 uou

75 4299 197 4374 legatos
223 4298 295 4360 item
321 4298 517 4378 apostolicos.
531 4295 656 4358 lieinrle
682 4295 799 4374 primus
823 4294 940 4362 ordinis
984 4298 1178 4376 praesedisse
1200 4313 1356 4360 romonum
1371 4299 1553 4378 pontificem
1570 4346 1578 4370 ,
1595 4302 1650 4362 scd
1672 4299 1842 4364 Nectarium

73 4382 158 4461 ejus,
175 4380 228 4460 cui
245 4387 309 4444 arat
324 4397 340 4443 a
355 4381 480 4452 dextris,
490 4378 617 4442 sedebat
632 4378 805 4441 liustetblus
820 4379 938 4458 episoo·
982 4381 1161 4458 episcopum
1177 4381 1554 4460 constantinopolitanum:
1567 4383 1660 4464 cujus
1671 4382 1715 4444 rci
1731 4401 1838 4447 caussa

72 4483 134 4544 pus
150 4465 367 4526 antiochenus.
383 4463 515 4534 Alterius
537 4467 638 4523 eutem
653 4460 790 4533 ordinis,
807 4462 857 4538 oui
875 4468 939 4525 crat
982 4468 1039 4538 est,
1053 4464 1123 4541 quia
1139 4479 1285 4525 romanus
1301 4465 1439 4542 pontilex
1456 4481 1517 4528 nou
1546 4467 1698 4539 interluil,
1716 4482 1774 4529 nec
1789 4483 1844 4546 per

70 4565 86 4608 ε
105 4547 246 4610 sinistris
263 4589 271 4616 ,
294 4545 423 4610 sedalial
443 4545 560 4625 primus
580 4542 750 4606 blacharius
772 4544 939 4623 episeopus
983 4562 1031 4616 se,
1047 4559 1106 4608 nee
1121 4561 1175 4624 par
1190 4545 1459 4624 tegetoseootiiea
1473 4549 1557 4610 enlm
1571 4548 1721 4610 Damasus
1734 4566 1844 4614 couro-

68 4629 409 4709 llicroselymaemloue
425 4628 481 4692 bec
492 4623 609 4690 ratione
620 4626 795 4692 serrabatur
806 4625 882 4688 ordo
894 4625 940 4689 di·
983 4633 1104 4690 careret
1116 4628 1239 4706 quidem
1261 4628 1428 4708 episcopos
1447 4631 1574 4694 orientis
1589 4631 1841 4712 donsunaoopo-

67 4713 201 4792 gnitatis
214 4715 294 4774 inter
305 4711 465 4790 primarios
476 4709 771 4790 patriarcbas3quem
783 4715 866 4796 certe
879 4711 940 4773 sal·
983 4709 1049 4784 lim,
1063 4707 1117 4772 sed
1134 4726 1170 4772 ex
1185 4726 1222 4772 eo
1237 4711 1304 4773 loeo
1320 4717 1428 4791 postea
1443 4713 1562 4776 nolebat
1584 4729 1638 4776 eos
1653 4715 1778 4777 bomem
1792 4731 1841 4778 nc·

66 4798 108 4858 de
125 4794 291 4874 probabile
306 4799 353 4860 cst
367 4801 519 4858 serentum
535 4791 633 4854 luisse
649 4790 680 4852 in
696 4806 731 4854 ca
747 4791 939 4872 synadensi
979 4792 1061 4866 nire,
1078 4791 1130 4854 ubi
1144 4792 1211 4870 ipsc
1223 4795 1399 4873 adspersis
1422 4796 1774 4876 nodumgepiscoporum
1790 4812 1841 4858 oo-

65 4887 169 4952 certe,
184 4878 211 4940 si
226 4878 256 4941 id
271 4878 383 4958 placcl,
396 4875 585 4956 respondere
599 4873 937 4952 possumusbustatbio
983 4875 1192 4944 cidenlalium,
1209 4880 1243 4937 ut
1255 4875 1368 4940 Romae
1394 4813 1482 4942 lieret
1504 4879 1718 4958 plenissimum
1740 4880 1841 4942 conei-

65 4963 179 5024 datum
195 4975 267 5024 csse
282 4961 382 5024 locam
396 4959 567 5039 digniorem
579 4958 619 5020 ob
630 4957 815 5037 antiquitatis
827 4963 939 5020 etsen-
981 4957 1069 5020 lium.
1085 4955 1243 5020 Caeterum
1266 4960 1432 5038 orientales
1447 4969 1668 5024 excusaverunt
1689 4976 1724 5023 se
1741 4960 1841 5041 justas

66 5043 189 5106 etitatis
205 5043 275 5122 ejas
289 5042 444 5112 meritum.
459 5043 513 5106 sed
529 5057 591 5104 uon
606 5047 765 5119 propterea
780 5055 849 5102 eum
865 5055 938 5102 coa·
979 5039 1021 5103 ob
1036 5057 1173 5113 caussas,
1187 5047 1218 5103 ει
1232 5042 1458 5121 conjunxerant
1468 5059 1502 5106 se
1512 5045 1669 5116 errrimis,el
1679 5045 1841 5106 sententiis

64 5129 144 5189 cilio
162 5125 372 5205 praesedisse.
388 5121 460 5188 liam
475 5123 608 5202 atioauin
632 5123 795 5200 imperaror
808 5138 933 5200 praese·
980 5140 1052 5185 eum
1068 5122 1323 5187 occidentalibus.
1344 5139 1406 5188 uon
1423 5132 1524 5189 aulem
1539 5127 1711 5205 praescotia
1734 5142 1841 5205 corpo·

61 5213 171 5272 disset
186 5209 363 5270 inconcilio
377 5206 429 5270 lv.
447 5213 477 5270 el
489 5205 539 5268 Vl.
555 5206 608 5287 qui
622 5205 654 5266 iu
668 5219 788 5268 summo
804 5205 872 5267 loeo
884 5219 932 5269 ec·
977 5206 1045 5268 ruli.
1061 5206 1136 5267 Vide
1147 5205 1427 5284 epistolasDeanesi
1440 5209 1477 5270 ad
1493 5210 1657 5271 concilium
1673 5213 1839 5272 constanti·

61 5294 176 5354 debat.
193 5291 300 5369 ltaque
321 5307 380 5352 non
396 5297 457 5352 iam
473 5305 510 5352 ex
525 5289 592 5352 luco
609 5331 619 5361 ,
634 5301 725 5365 auam
746 5301 784 5350 er
798 5286 932 5350 subscri·
978 5287 1201 5366 napolitnnuun,
1224 5294 1254 5352 et
1268 5287 1389 5352 conatii
1404 5290 1442 5353 ad
1457 5291 1630 5366 bamesom,
1646 5293 1727 5372 upud
1743 5293 1841 5356 Theo·

63 5379 179 5455 pliona
192 5373 394 5454 colligendam
407 5381 454 5436 ost
466 5372 865 5450 praesidentie3seepeenim
877 5371 933 5433 iro·
978 5371 1119 5434 dorcium
1133 5371 1189 5432 lib.
1201 5371 1233 5444 li.
1250 5388 1317 5450 cap.
1333 5369 1365 5435 9.
1382 5380 1412 5434 ει
1427 5373 1479 5436 ιιι.
1501 5373 1587 5448 Quod
1603 5383 1717 5448 autern,
1740 5377 1766 5437 si
1783 5377 1839 5436 lta-

64 5459 160 5522 uoris
175 5458 270 5537 gratio
294 5457 344 5518 iile
360 5458 448 5520 sedet
462 5455 578 5536 primus
593 5499 602 5528 ,
618 5453 669 5532 qui
684 5469 788 5517 reuera
802 5451 933 5533 primum
979 5469 1081 5518 masus
1096 5454 1256 5526 adluissot,
1272 5471 1340 5517 srne
1355 5455 1450 5518 dubio
1465 5457 1682 5536 praesedisset.
1707 5466 1787 5538 putot
1800 5477 1840 5520 ca

64 5545 257 5604 locumnoo
273 5545 368 5602 tenet.
810 5579 812 5584 ·
980 5536 1385 5616 eisdemepistolis,ubiilli
1401 5537 1574 5613 Damasum,
1591 5549 1834 5621 utcaputsuoun

107 5624 204 5699 Quod
222 5637 293 5684 nero
308 5620 490 5684 athanasius
506 5635 566 5681 uon
583 5617 673 5682 luerit
686 5631 825 5698 praeses,
842 5617 935 5682 niae·
975 5621 1573 5701 agnoscunt,etipselnlioseoseocnt.
1643 5641 1648 5651 ’

65 5716 118 5784 pot
138 5705 346 5787 probatione,
363 5707 449 5769 solus
470 5703 553 5767 enim
568 5700 730 5780 Caluinus,
746 5707 777 5766 el
791 5701 859 5766 sine
874 5701 935 5765 ulla
1021 5700 1154 5765 Tertium
1170 5704 1335 5768 concilium
1347 5703 1403 5768 luit
1416 5704 1606 5785 liplresinum
1619 5703 1678 5773 lin
1695 5724 1756 5792 quo
1772 5725 1837 5772 oer-
