4098 6294
842 334 937 402 tilithi
956 331 1076 390 Phlhbs
1713 335 1764 390 bib

122 471 204 536 lions
221 471 368 554 objectio.
385 471 416 534 2.
434 469 569 534 Corinth.
584 469 614 532 5.
632 465 745 530 eomes
760 465 937 536 astabiauae
983 463 1119 540 Quaado
1140 464 1258 532 iatltt'ac
1288 481 1455 532 eaccetcant
1483 465 1582 544 tueri
1594 513 1617 540 ,.
1636 466 1747 530 nrtlias
1763 469 1837 545 jasa

81 565 158 618 arcte
173 554 317 618 nibaaat
343 553 481 628 dicati,
510 558 547 616 nt
572 551 691 630 scierat
713 551 937 630 unusquisque
977 548 1198 626 poeaitentiae
1220 547 1307 612 icens
1329 555 1395 626 est,
1418 547 1530 614 auitas
1543 549 1774 628 satisfactionis
1795 554 1842 629 et·-

77 642 178 717 prout
190 639 286 718 pessit
299 639 336 702 in
348 654 491 717 carpere,
503 639 569 700 siae
581 635 712 704 benum,
724 633 789 694 siae
800 631 936 696 matam.
979 629 1092 707 sectas.

79 723 116 782 nt
129 721 156 783 si
172 721 338 800 posthanc
354 721 442 782 vitam
458 725 582 800 peccate
597 717 835 788 remitterentur,
847 717 938 802 etla-
1023 711 1229 790 liespondec:
1253 713 1349 792 Loqui
1382 729 1450 776 eum
1480 715 1520 778 de
1547 713 1753 778 satisfactione
1781 731 1840 795 pro

80 807 233 866 cnsessat
247 801 436 882 purgationi,
464 809 547 865 certe
573 817 634 862 non
664 797 818 878 reciperet
845 813 938 862 unus·
981 794 1097 872 culpa,
1120 811 1198 873 quae
1213 796 1370 875 praecedit
1382 795 1658 876 justificationem
1680 798 1784 862 Patres
1806 816 1836 861 a·

79 888 212 964 quisquc
228 885 423 965 proutgessit
435 884 466 947 in
481 898 623 963 corpora.
980 875 1044 938 nim
1056 877 1170 942 diserte
1186 878 1340 958 duplicem
1356 888 1474 958 ponant
1485 878 1834 946 salisiactionemllncru

126 969 186 1032 lies
209 971 327 1032 endec:
358 968 554 1036 verissimam
583 979 654 1028 esse
669 963 700 1026 b.
716 961 798 1026 Pauli
815 967 937 1026 senten·
982 964 1053 1021 ante
1071 958 1336 1039 justificationem,
1359 979 1417 1041 qua
1439 962 1522 1026 Dens
1539 964 1675 1042 placatur
1704 964 1742 1026 do
1764 981 1836 1028 con·

79 1052 164 1126 ticin,
178 986 250 1114 ifarn
267 1051 355 1113 etiarn
371 1050 483 1128 illi,qai
496 1048 689 1111 remissionis
704 1053 733 1108 et
749 1043 938 1138 purgationis
981 1057 1069 1185 Bm:
1088 1048 1118 1104 et
1130 1043 1340 1106 inclinatursd
1356 1045 1465 1123 culpae
1480 1045 1713 1120 remissionem,
1727 1047 1764 1109 de
1780 1064 1841 1126 qua

80 1134 182 1196 lacurn
195 1135 353 1196 inveniunt
367 1132 397 1194 in
415 1135 515 1195 laturo
527 1129 664 1198 saecula.
681 1129 758 1190 nihil
772 1127 935 1205 rccipiunt,
1009 1123 1090 1186 aurel
1102 1123 1133 1187 i.
1150 1124 1287 1190 Peccata
1302 1133 1359 1190 tua
1373 1127 1583 1210 eleemosynis
1596 1130 1732 1192 redime.
1758 1128 1840 1192 Alic-

80 1219 140 1278 nrsi
157 1218 238 1296 quad
253 1221 417 1295 gesserunt
429 1216 458 1276 in
475 1229 625 1294 corpere,
656 1211 685 1273 id
709 1210 790 1274 enirn
820 1225 939 1274 merue-
982 1222 1047 1270 ram
1062 1213 1132 1286 past
1146 1205 1406 1288 justificationem,
1424 1227 1482 1289 qua
1499 1210 1562 1273 lteo
1577 1225 1614 1272 es
1630 1211 1783 1290 condigno
1795 1229 1844 1276 sn·

79 1303 153 1360 rarat
175 1299 397 1378 perseverando
410 1297 440 1358 in
462 1298 523 1360 ilde
552 1302 581 1358 at
610 1294 757 1358 charitate
786 1293 940 1368 usquead
983 1289 1057 1351 tistit
1071 1305 1126 1368 pro
1139 1305 1249 1369 poena.
1267 1292 1353 1370 Quod
1369 1292 1604 1372 hiccpprienus
1620 1294 1659 1355 de
1675 1296 1776 1372 priore
1796 1296 1842 1358 lo·

82 1390 222 1456 nrartern,
237 1389 269 1442 at
283 1379 373 1442 etiarn
389 1386 459 1460 pest
484 1385 613 1442 mortem
640 1375 762 1456 purgari
787 1381 816 1436 ct
838 1373 940 1453 juvari
983 1377 1102 1451 quatur,
1117 1379 1199 1450 patei
1210 1390 1246 1436 er
1261 1375 1584 1453 praecedaatihosnbi
1600 1376 1841 1450 aielloaamar,

82 1463 416 1542 passenttiaaraticne
432 1463 521 1524 etiarn
536 1459 634 1524 sancti
648 1458 702 1521 viri
715 1463 936 1539 postmortem,
982 1452 1092 1532 inquit,
1110 1456 1191 1518 ditm
1203 1457 1311 1525 adbuc
1326 1459 1455 1538 aliquid
1469 1461 1508 1522 de
1528 1459 1658 1521 saecuta
1669 1468 1815 1538 superest
1831 1507 1837 1529 ,

79 1545 140 1608 ersi
163 1547 239 1608 nihil
254 1545 376 1626 proprio
392 1551 564 1608 mereantur
582 1589 590 1616 ,
616 1549 715 1604 tamen
745 1539 937 1620 impetrante
982 1535 1045 1598 bec
1060 1538 1258 1613 satisfacere,
1275 1547 1305 1603 et
1319 1543 1469 1606 adverae
1483 1542 1651 1620 reiipioais
1664 1543 1844 1606 candidata

82 1629 214 1690 beluino
229 1629 373 1706 auicauid
391 1623 701 1706 postulant,auaniam
718 1623 746 1685 ld
763 1630 941 1686 meruerant
984 1618 1088 1682 liccem
1108 1621 1148 1684 de
1166 1622 1332 1700 profando
1349 1623 1535 1686 tenebrosae
1559 1625 1795 1702 superstitionis
1810 1641 1844 1687 e·

80 1713 112 1772 in
126 1712 182 1773 hac
198 1714 254 1772 vita
270 1716 352 1773 recte
369 1712 507 1783 virendo,
523 1715 554 1770 ut
569 1707 660 1769 etiam
674 1707 831 1783 posthanc
848 1708 939 1770 ritsm
982 1703 1225 1781 massacellam
1240 1707 1503 1785 exsequentibus:
1520 1706 1592 1768 Nam
1608 1715 1678 1786 post
1692 1706 1780 1770 rerba
1797 1709 1849 1771 ci·

79 1812 95 1852 s
113 1794 242 1856 hortano
257 1792 484 1857 exaudirentur.
503 1791 576 1852 lide
589 1791 649 1853 hoe
671 1790 771 1866 ipsum
788 1790 868 1870 quod
882 1805 939 1854 nas
983 1788 1041 1845 tata
1058 1801 1073 1844 t
1091 1784 1222 1854 licentia.
1241 1788 1416 1851 immediate
1429 1787 1593 1870 sequitur:
1619 1790 1677 1851 tlic
1700 1789 1769 1853 cita
1783 1796 1843 1852 aat

80 1878 241 1947 (locemus,
259 1877 338 1953 apud
353 1875 532 1954 Dionysium
548 1871 646 1936 libate
661 1871 938 1936 liccloslrierarch.
985 1867 1168 1944 amittitur,
1192 1876 1249 1934 aut
1260 1876 1395 1934 mactus.

80 1976 151 2036 cap.
168 1957 265 2020 ultim.
283 1965 359 2035 part.
377 1958 408 2020 3.
422 1957 501 2036 apud
513 1955 715 2035 augustinum
739 1954 794 2018 lib.
807 1953 940 2018 enchiri·
1025 1949 1178 2021 Secundo,
1196 1953 1310 2030 proieci
1323 1952 1578 2033 chrysostomum
1590 1953 1714 2016 hamis
1732 1955 1771 2018 de
1786 1955 1841 2018 La-

79 2044 123 2102 dri
138 2059 205 2121 cap.
221 2041 291 2102 tre.
309 2048 340 2102 et
355 2040 408 2102 lib.
434 2045 473 2100 da
488 2055 557 2101 cure
580 2053 635 2117 pro
661 2036 789 2098 mortuis
803 2055 832 2100 c.
862 2039 892 2100 l.
910 2044 941 2100 et
984 2033 1192 2104 tarantasia
1214 2035 1335 2098 dicitnr.
1365 2035 1445 2100 duca
1470 2037 1546 2100 hine
1575 2037 1843 2114 discesserimus,

79 2126 161 2201 epod
178 2124 358 2202 Gregorium
376 2122 432 2184 lib.
448 2121 479 2184 l.
496 2121 686 2200 dialogorum
697 2135 764 2196 esp.
777 2119 827 2182 39.
843 2119 940 2202 liqna
983 2128 1053 2178 aaa
1067 2117 1159 2180 estin
1172 2117 1263 2180 nobis
1277 2119 1376 2181 sitam
1388 2120 1567 2198 paenitere,
1577 2134 1684 2200 nepae
1696 2124 1844 2184 commis·

79 2210 117 2268 ad
135 2207 266 2268 cundem
284 2206 407 2268 madum
423 2203 622 2283 intelligendu
636 2211 710 2265 sunt
730 2201 798 2262 illa:
822 2203 942 2268 lieddet
983 2212 1024 2260 ta
1037 2198 1173 2262 diluere·
1189 2197 1225 2260 El
1239 2216 1375 2264 rursum:
1398 2203 1503 2281 deque
1519 2203 1606 2264 enim
1621 2203 1679 2281 pai
1691 2203 1729 2266 in
1749 2221 1849 2283 praee

78 2290 260 2367 micasque
273 2288 454 2350 secandam
469 2301 569 2364 opera
589 2300 676 2358 saa,
706 2283 833 2346 heuman.
856 2285 887 2348 2.
904 2283 942 2348 Ει
984 2281 1069 2342 senti
1081 2281 1149 2344 cita
1161 2291 1295 2360 peccata
1307 2296 1377 2348 noa
1388 2284 1572 2358 abluerant,
1593 2291 1707 2364 postea
1732 2301 1845 2352 conso·

8 2389 9 2394 ¹
80 2371 154 2432 illa:
175 2370 397 2449 Unusquisque
413 2385 494 2432 onas
508 2383 606 2432 suant
617 2366 770 2445 portabit.
788 2367 836 2428 lit:
856 2366 943 2443 Quae
986 2361 1139 2426 lationem
1154 2365 1301 2446 clipeata
1313 2369 1479 2432 insectari
1492 2373 1579 2431 sant.

8 2471 9 2480 ¹
78 2453 290 2516 senriaaaere't
311 2453 404 2515 harno
421 2497 430 2527 ,
446 2451 526 2514 baec
550 2456 579 2512 ei
598 2455 702 2526 metet,
720 2450 814 2512 Galat.
832 2449 862 2512 b.
1025 2445 1211 2524 Respondes
1226 2466 1233 2508 :
1249 2447 1347 2530 Loqui
1364 2465 1434 2512 eum
1464 2451 1503 2514 da
1532 2449 1715 2512 remissione
1733 2458 1844 2514 morta-

8 2553 9 2564 ¹
120 2535 243 2598 Decima
256 2535 390 2614 abiectio
406 2580 415 2609 ‚
438 2532 636 2614 Apoealypsis
653 2531 796 2596 ll.lieati
808 2533 941 2610 mactat,
985 2527 1078 2606 lium;
1093 2546 1160 2590 nara
1174 2531 1316 2610 exemplo
1329 2531 1552 2612 apulonisqai
1567 2532 1598 2594 ia
1613 2533 1757 2612 gehenna
1775 2551 1842 2597 eru·

77 2620 139 2697 qai
151 2619 190 2682 ia
203 2615 543 2682 Dominomotiaatur.
560 2615 677 2678 amado
693 2615 855 2692 jamdtcit
870 2615 941 2694 Spa
986 2611 1133 2680 elabatur,
1152 2619 1265 2686 monet,
1294 2631 1333 2678 ne
1349 2613 1526 2678 dillerarnus
1553 2617 1786 2678 ocnrersianem
1811 2618 1846 2680 in

77 2701 189 2774 ritas,
211 2707 248 2762 at
268 2699 472 2779 requiescant
501 2715 523 2760 a
543 2696 706 2772 laboribus
726 2699 818 2772 suis;
842 2713 942 2778 opera
986 2692 1074 2754 alium
1093 2693 1193 2757 citam.
1209 2695 1304 2758 Nemo
1318 2697 1655 2760 autem-catholicorum
1672 2699 1843 2774 docet,cul·

77 2784 171 2846 enias
184 2783 318 2846 illorum
331 2787 512 2860 seqaaatan
523 2781 645 2844 illeslt
659 2779 701 2859 pii
716 2795 824 2843 omnes
837 2780 868 2842 in
883 2780 941 2844 lio·
985 2791 1041 2855 pas
1057 2776 1205 2840 laethales
1220 2779 1330 2840 remitti
1345 2779 1377 2840 in
1394 2780 1579 2860 purgatoria.

8 2869 9 2910 t
75 2867 161 2926 arina
178 2867 358 2935 moriuntur,
374 2878 482 2926 omncs
494 2865 588 2942 igitar
602 2863 643 2942 pii
662 2867 731 2941 posi
753 2870 881 2924 martem
893 2879 940 2926 re·
1027 2857 1138 2928 Tertio,
1150 2860 1307 2938 proierunt
1321 2863 1516 2926 Ambrosiam
1531 2861 1586 2925 lib.
1603 2861 1642 2924 de
1657 2862 1740 2926 bauo
1760 2881 1837 2926 mor-

75 2947 253 3025 quieseant,
271 2961 371 3026 neque
384 2945 469 3008 ullus
491 2951 538 3009 est
561 2945 614 3025 qui
639 2944 672 3007 iu
693 2946 866 3025 purgatorio
882 2951 941 3009 tor·
984 2937 1025 3002 lis
1040 2957 1107 3017 oen.
1123 2941 1154 3003 2.
1171 2940 1232 3017 aar
1245 2946 1344 3018 enim,
1372 2946 1493 3023 inquil,
1516 2944 1569 3007 bic
1591 2959 1662 3010 aaa
1686 2949 1845 3026 acceperit

8 3045 10 3064 ¹
75 3036 218 3108 questas.
984 3023 1206 3088 remissionem
1214 3035 1434 3105 peccatoram,
1445 3028 1513 3090 ittic
1523 3043 1593 3091 nan
1605 3029 1675 3104 erit,
1687 3031 1847 3092 nimirum

116 3107 303 3191 Respondeo
325 3125 396 3172 eum
418 3109 449 3173 S.
473 3111 639 3174 hnselnro:
666 3108 701 3171 ln
722 3109 940 3174 commentaria
984 3104 1148 3182 inpetriri
1172 3106 1353 3176 beatorum.

9 3215 10 3226 ¹
78 3191 261 3274 incrustari,
278 3191 366 3267 illud,
384 3195 516 3270 amado,
533 3209 595 3257 noo
611 3191 819 3270 significares
842 3197 940 3256 marta
1026 3183 1232 3265 Respondes:
1257 3191 1354 3272 loqui
1379 3191 1571 3256 Ambrosium
1599 3192 1638 3255 de
1653 3193 1841 3256 remissione

9 3301 10 3310 ¹
75 3277 336 3357 uniuscnjusque,
352 3276 408 3338 sad
424 3276 609 3340 abcxtremo
623 3273 753 3356 judicio,
771 3273 885 3354 dequo
907 3276 939 3338 in
984 3271 1179 3349 mortalium
1204 3271 1276 3335 Nam
1299 3273 1459 3354 subjungit
1484 3276 1667 3354 explicans:
1690 3275 1759 3338 Noa
1783 3281 1846 3341 ecit

9 3381 10 3392 ¹
77 3356 496 3435 rotaeccspites.lcannes
522 3357 667 3437 loquitar.
689 3356 796 3436 ltaque
818 3356 940 3420 hiterii
984 3357 1202 3434 actamquia
1223 3357 1269 3420 ad
1293 3359 1394 3420 citam
1419 3363 1585 3422 aeternam
1610 3374 1679 3422 aaa
1701 3363 1844 3438 petitorii

76 3457 191 3504 seusus
205 3459 213 3502 ε
229 3440 312 3502 beati
325 3441 445 3508 mortui.
462 3441 561 3520 quiin
575 3439 705 3506 Domino
718 3438 898 3517 morientum
911 3457 941 3502 a·
981 3438 1177 3514 peruenire,
1207 3439 1288 3518 qaia
1314 3442 1382 3503 etta
1403 3447 1538 3504 aeterna
1561 3441 1708 3504 comasio
1731 3459 1844 3521 peeca-

76 3525 169 3588 mcdc
184 3523 278 3598 euim,
295 3523 412 3597 telesia
427 3523 488 3587 line
501 3522 593 3604 hujus
604 3521 769 3604 iudiciide
784 3537 845 3600 qua
860 3539 942 3587 nunc
985 3523 1092 3580 teram
1107 3525 1173 3596 est3
1200 3519 1253 3584 uhi
1269 3525 1358 3586 vitam
1382 3528 1536 3586 aeternam
1548 3529 1635 3586 cocat
1645 3527 1770 3603 gratiam
1793 3526 1842 3606 iu·

10 3615 11 3654 t
75 3608 209 3684 loquar,
228 3607 427 3668 inueternum
444 3608 642 3684 requiescent
657 3621 672 3666 a
688 3603 845 3666 laboribus
861 3605 939 3684 suis;
985 3599 1190 3670 srihcationis.
1206 3617 1285 3682 quae
1311 3612 1358 3668 est
1379 3605 1437 3667 rita
1463 3605 1613 3684 quaedam
1644 3613 1766 3670 aeterna
1794 3611 1841 3671 in·

76 3693 123 3750 rat
137 3690 164 3752 si
180 3690 211 3750 id
225 3689 325 3750 minus
337 3688 427 3752 alicui
443 3689 602 3767 probetur,
628 3686 817 3765 respondere
833 3703 942 3765 possu-
985 3681 1113 3759 ohoata3
1130 3685 1188 3745 nisi
1204 3686 1286 3747 enirn
1303 3687 1353 3750 hic
1369 3687 1458 3752 vitam
1473 3688 1842 3768 aeternaminehbemus,

10 3799 11 3804 ¹
79 3789 149 3833 rrius
165 3789 235 3834 cunr
251 3770 401 3834 Richards
430 3772 469 3832 de
495 3787 521 3832 s.
539 3770 660 3832 lictore
682 3775 713 3830 et
739 3767 895 3847 Hapmane
910 3771 942 3834 in
985 3781 1151 3846 numquam
1166 3766 1696 3846 adgloriansbeatorumreniemus.

10 3877 11 3888 ¹
78 3855 163 3916 liuuc
178 3850 291 3926 locum,
306 3854 389 3931 loqui
405 3853 436 3916 b.
453 3853 602 3916 loannem
621 3852 661 3914 de
675 3851 748 3914 uiris
768 3851 938 3930 perlectis,
1025 3846 1135 3920 Quarto
1151 3896 1159 3920 ,
1177 3849 1283 3928 objicit
1297 3849 1528 3934 Petinsllartpr
1553 3853 1686 3916 eundem
1716 3856 1844 3920 imbro·

77 3955 112 3999 sc
128 3936 309 4017 pracsertim
326 3936 363 3999 de
379 3937 493 3998 sanctis
507 3935 692 4016 martyribus
707 3931 719 4014 i
736 3949 790 3996 eos
806 3933 888 3996 enirn
904 3951 942 4001 eo
984 3929 1076 4000 sium,
1093 3931 1145 4011 qui
1171 3930 1202 3993 in
1229 3949 1296 4011 cap.
1324 3933 1375 3998 23.
1404 3933 1526 4010 Lucra,
1547 3939 1579 3996 et
1592 3951 1686 3998 serm.
1709 3937 1845 4014 basii:

78 4022 147 4082 loco
163 4017 316 4083 consolari
330 4017 450 4080 valebat
464 4021 477 4098 )
490 4019 542 4099 qni
558 4017 740 4097 simpliciter
770 4016 942 4081 moriuntur
982 4011 1180 4094 lachrymas
1193 4013 1279 4079 Petri
1293 4015 1363 4096 lepa
1379 4064 1387 4090 ,
1410 4018 1665 4096 satisfactionem
1679 4035 1748 4084 aaa
1759 4022 1841 4102 lepo.

78 4107 108 4164 in
125 4101 269 4177 Domine,
291 4115 392 4180 neque
408 4101 524 4181 aliquid
553 4100 744 4182 purgandum
767 4113 872 4165 secum
899 4100 942 4164 ie·
1024 4094 1220 4174 Respondes:
1238 4097 1391 4176 appellari
1403 4100 1641 4163 satisfactionem
1657 4117 1694 4164 eo
1709 4105 1777 4166 laco
1792 4122 1842 4168 ex·

11 4229 12 4236 .
78 4191 148 4246 runt
165 4203 173 4263 ;
191 4183 326 4262 namqui
342 4183 497 4246 decedunt
511 4199 580 4246 cum
596 4181 729 4262 peccatis
745 4180 914 4247 venialibus
932 4230 940 4260 ,
985 4179 1186 4270 qusalionem·
1203 4181 1344 4244 Solemus
1359 4182 1441 4245 euim
1456 4184 1547 4263 uulgo
1562 4183 1665 4246 dicere
1682 4202 1690 4263 ;
1715 4185 1780 4268 liga
1795 4205 1842 4251 sa-

78 4275 213 4330 aataum
242 4267 347 4328 debito
377 4281 496 4344 poenae
522 4263 653 4345 aiicujus
680 4263 880 4344 temporalis,
912 4264 933 4328 ii
986 4259 1202 4336 ustaciamilli,
1221 4263 1312 4340 idest,
1335 4265 1471 4344 purgabo
1500 4265 1601 4328 vorbis
1622 4267 1739 4330 crimen
1755 4269 1841 4351 ehje·

80 4366 141 4412 aon
159 4349 338 4428 simpliciter
359 4349 528 4410 moriuntur
553 4349 583 4409 iu
610 4347 767 4420 Domine,
791 4347 846 4410 sed
868 4364 937 4426 par·
984 4347 1292 4438 etum4etostendsm
1309 4363 1357 4410 me
1379 4347 1493 4429 iniuste
1512 4351 1662 4412 accusari.
1691 4349 1841 4415 Laudati-

80 4435 132 4493 rim
148 4433 178 4493 in
195 4431 323 4494 homino
336 4432 452 4493 rarione
464 4431 620 4494 charitatis
636 4476 644 4505 ‚
668 4445 759 4508 quam
775 4445 882 4492 seeum
897 4429 939 4494 ta.
985 4429 1065 4500 gitur
1080 4426 1120 4490 tbi
1134 4427 1314 4492 Ambrosius
1326 4429 1458 4502 Petrum,
1476 4431 1558 4509 quad
1574 4445 1636 4494 nau
1652 4437 1843 4500 excusaverit

12 4545 13 4562 ,
81 4520 150 4578 runt
167 4559 174 4590 ,
203 4514 314 4592 partim
329 4529 389 4574 non
405 4512 436 4574 in
458 4512 587 4575 Domino
600 4511 717 4576 ratione
730 4517 938 4591 peccatorum,
985 4516 1142 4585 peccatam
1156 4527 1256 4584 suum,
1270 4513 1424 4591 quomoda
1439 4513 1531 4577 luam
1547 4513 1631 4587 iecit,
1654 4515 1711 4578 sed
1724 4517 1840 4601 lachry-

12 4617 13 4620 ¹
80 4613 157 4676 quse
175 4595 375 4659 nihilominus
390 4610 496 4659 secum
518 4595 629 4658 lerunt.
645 4595 748 4674 deque
762 4594 873 4657 mirum
897 4595 938 4658 ri·
984 4590 1042 4652 mis
1057 4591 1159 4670 potius
1174 4593 1337 4657 coufessus
1361 4595 1452 4658 luerit
1474 4602 1504 4657 et
1519 4600 1718 4670 accusaverit,
1749 4602 1795 4663 sic
1809 4621 1841 4663 e·

13 4727 14 4730 ,
81 4681 225 4756 debitur,
253 4679 334 4756 quod
364 4677 485 4758 aliquos
505 4677 643 4740 dicamas
668 4677 744 4740 mori
770 4676 879 4756 partim
908 4677 940 4741 ia
984 4671 1357 4756 nimsubjmgitsliects
1377 4677 1603 4758 ptanePetras
1627 4679 1771 4760 limitet
1795 4691 1841 4747 ta·

81 4761 221 4834 homino,
237 4763 345 4840 partim
361 4775 424 4822 naa
436 4761 468 4822 ia
482 4759 632 4835 Domina,
651 4759 677 4821 si
704 4759 822 4840 legatur
836 4776 864 4822 s.
879 4759 940 4824 Au·
986 4757 1063 4831 obit,
1077 4759 1157 4837 quia
1170 4757 1395 4840 aaoaaepat,
1410 4763 1665 4834 sarcinensem
1675 4768 1839 4840 eaeoaaort,

13 4871 15 4886 ·
79 4846 219 4923 gostinus
240 4844 295 4904 tib.
319 4842 470 4905 &contra
493 4842 729 4922 duasepistalas
764 4841 940 4921 Pelagiena·
986 4844 1015 4898 et
1036 4841 1586 4922 quoddescadiaaapctest,ablai
1606 4851 1719 4926 petest.
1738 4847 1840 4910 litsa·

81 4943 146 4988 rum
162 4944 230 5007 cap.
246 4925 276 4989 3.
294 4925 344 4987 ubi
362 4926 486 4988 eosdem
509 4925 651 4988 homines
670 4925 701 4986 in
717 4925 776 4987 hac
797 4926 853 4986 rita
871 4941 937 5002 par·
986 4935 1037 4998 pra
1052 4923 1178 4984 dicarat:
1193 4921 1328 4988 incenia
1343 4927 1585 5007 quodneacrtt,
1615 4944 1684 4992 aaa
1706 4931 1838 4994 incenia

15 5009 16 5014 ’
81 5012 131 5070 tim
148 5025 218 5073 esse
234 5007 308 5070 dicit
321 5007 402 5070 illios
417 5007 595 5086 lieipartim
607 5007 687 5070 illios
700 5006 791 5086 bajus
807 5007 934 5072 saeculi.
982 5003 1063 5082 quid
1075 5005 1206 5076 dixerit,
1220 5009 1300 5086 qaia
1313 5009 1472 5072 cimicum
1484 5010 1569 5074 atati
1582 5010 1693 5074 Petras
1707 5014 1839 5078 dimerat

82 5097 174 5172 itque
190 5094 265 5154 haec
278 5093 316 5154 de
339 5089 517 5172 scripturis.
980 5085 1019 5148 in
1030 5088 1085 5148 sui
1096 5091 1337 5166 peractionem.

1024 5168 1147 5243 Quinta,
1163 5169 1270 5249 objicit
1281 5171 1421 5236 Calvinus
1432 5173 1634 5252 Augustiana
1652 5177 1793 5241 trechii.
1806 5177 1838 5241 in
1879 5225 1881 5231 .

400 5252 518 5318 catur
538 5253 621 5317 lllll.
984 5247 1072 5312 ioan.
1089 5250 1226 5316 uabeaa
1241 5255 1463 5333 inquitamnes
1480 5258 1702 5331 mainadarum
1716 5258 1756 5324 de
1769 5277 1838 5324 sae·

983 5332 1056 5394 caia
1083 5334 1245 5411 exieriat,
1278 5337 1422 5400 diuersas
1441 5343 1638 5418 receptiones
1658 5357 1759 5418 saas;
1781 5343 1838 5406 ho·

198 5421 375 5486 sulcantur
390 5418 582 5502 abicetiaaes
598 5433 641 5483 ea
654 5417 816 5484 Patr-ibas.
979 5413 1052 5477 beat
1064 5417 1226 5494 paediam
1248 5415 1325 5482 beni
1345 5425 1375 5482 et
1388 5421 1469 5484 mati
1493 5427 1653 5488 tormenta
1664 5443 1676 5502 ,·
1692 5427 1750 5490 sed
1763 5443 1838 5488 eam

979 5497 1179 5576 iactataerit
1202 5504 1420 5576 amorreotte,
1443 5509 1472 5566 at
1492 5502 1649 5570 banorum
1676 5510 1839 5587 paediam

15 5611 18 5654 i
125 5585 168 5649 Ex
180 5585 321 5648 Patribus
336 5583 450 5665 prolert
463 5583 605 5648 licentius
617 5583 714 5664 primo
729 5581 935 5665 Cypriacam,
982 5581 1122 5660 amplias
1138 5583 1222 5654 erit,
1245 5585 1451 5648 etmalorum
1472 5591 1630 5652 tamenta
1658 5593 1834 5670 maniosa,

86 5672 136 5750 qai
153 5674 237 5734 tract.
272 5669 300 5732 l.
325 5673 427 5740 contra
451 5666 697 5745 Maeuianum,
725 5669 765 5730 ait
788 5667 818 5730 iu
848 5664 934 5730 bne:
982 5665 1202 5744 paaadacant
1217 5681 1348 5747 corpore
1365 5669 1614 5748 torquebuntur.
1639 5673 1674 5734 Et
1695 5675 1771 5737 inira
1800 5677 1839 5738 de
