4086 6296
277 284 332 340 tes
970 285 1014 348 et
1032 285 1205 349 MOVdClilS

202 416 356 493 iluttbeei,
377 421 487 502 llertpr
501 423 530 484 in
545 424 625 488 libro
639 421 679 484 de
694 421 846 486 coelibatu
858 427 888 482 et
904 420 980 484 rotis
995 437 1057 484 me
1105 426 1174 494 eet,
1190 419 1318 486 cellum
1341 417 1404 482 eibi
1416 419 1484 496 fure
1498 417 1768 485 cotrcettcetcnoor
1793 433 1868 480 eum
1880 418 1968 482 uiro.

202 504 374 578 nasti'ciset
388 503 625 590 centuriatores,
641 503 766 566 dentur.
784 505 814 566 l.
830 502 885 568 lib.
899 501 1057 584 l.cep.l0.
1104 505 1188 568 liceo
1199 518 1274 568 cero
1286 501 1472 581 comesturo
1483 507 1512 567 et
1524 499 1701 582 probabilis
1713 501 1971 579 eetetstnpteer,

202 587 283 650 tutso
294 587 417 656 docent,
434 583 534 649 adbuc
549 594 649 650 temen
667 594 943 663 consequeretur,
962 603 1030 650 eam
1048 633 1056 656 ,
1104 588 1192 666 quod
1203 587 1254 650 rei
1271 585 1488 662 magnitudo,
1505 585 1554 646 uel
1567 586 1675 665 potios
1700 583 1853 662 modestos
1868 585 1971 662 cirpi-

148 695 156 714 ·
201 685 271 732 curn
287 669 372 730 dixit:
390 667 618 747 Qucnnoctcpet
636 669 928 748 intumescentem
950 671 1059 734 cirtem
1102 669 1364 751 compercuterit
1378 713 1386 740 ,
1401 674 1559 736 adserens
1575 678 1685 732 barnee
1696 667 1918 732 deauratione
1933 667 1973 740 li,-

199 767 271 816 rece
285 765 440 829 cognosco
453 753 470 813 i
485 769 546 814 non
562 751 709 814 babuisse
724 758 825 817 rutum
852 751 1031 831 virginitatis
1046 771 1055 829 ς
1103 757 1194 830 potos
1211 751 1342 820 baberet
1357 766 1396 812 cc
1411 751 1610 824 constrictos·
1626 751 1811 817 com-cedit
1823 751 1972 814 nocete

201 836 299 914 potuit
314 834 396 895 enim
409 835 467 895 troc
479 841 580 898 uotum
595 834 738 898 emisisse
752 840 823 912 post
851 835 985 912 conjugii
1003 851 1053 898 oe·
1101 850 1177 898 runt
1192 850 1259 898 cese
1272 834 1328 896 liei
1342 831 1474 907 iteum,
1492 833 1624 914 ottoutd
1635 833 1849 910 nonrrotpcrc
1863 835 1972 896 coum·

201 918 451 988 lebrationem,et
462 923 563 980 lernen
576 923 646 994 ante
660 918 829 996 eugelicem
841 916 1056 979 salutationem
1099 917 1261 998 pleneque
1273 916 1352 995 boec
1364 917 1448 980 tutio
1460 923 1505 980 est
1517 932 1577 979 coer
1587 916 1708 980 coitum
1717 915 1846 980 ctrttcm
1857 917 1973 980 ecclc

201 1009 234 1064 ut
249 1019 276 1064 s.
292 1001 425 1061 lucinas
440 999 541 1068 dccet,
558 999 589 1063 b.
606 1005 692 1079 perte
707 998 897 1080 quiesces,
921 999 1006 1060 ertio.
1024 999 1055 1060 l.
1103 1003 1173 1066 dot,
1186 999 1268 1066 ilino
1283 999 1421 1064 attonito
1433 999 1612 1063 ecctcmct:
1625 995 1974 1077 corrumperemus

201 1085 240 1145 ite
258 1091 290 1147 ut
302 1083 433 1162 primum
448 1083 573 1162 nuptiae
588 1083 760 1146 celebratae
774 1082 836 1145 sint
853 1081 990 1156 ,deiude
1005 1100 1057 1144 an·
1102 1082 1183 1149 lleee
1200 1081 1316 1146 illedd
1332 1098 1424 1162 quern
1440 1083 1564 1149 modum
1579 1084 1704 1161 exponit
1721 1081 1812 1144 etiam
1828 1078 1971 1159 Ttreodo·

201 1175 321 1246 tenuem
337 1165 374 1226 ad
387 1165 569 1228 matrimonii
581 1165 876 1230 consummationem
890 1164 1054 1239 leniretur,
1104 1182 1158 1228 rus
1173 1164 1262 1231 Beee,
1552 1238 1554 1242 g

203 1250 235 1312 b.
259 1249 349 1328 Virgo
366 1254 465 1313 sotum
481 1248 661 1330 virginitatis
676 1247 824 1322 emiserit,
838 1246 909 1327 ipso
925 1263 953 1308 s.
969 1245 1055 1310 lose·
1142 1247 1202 1312 Sed
1217 1247 1360 1326 primum,
1377 1245 1483 1310 sisela
1500 1245 1676 1326 conjecture
1690 1243 1833 1312 Celsinus
1848 1245 1969 1320 nititur,

200 1335 261 1408 plac
291 1335 527 1408 consentiente,
558 1336 589 1394 et
603 1335 636 1394 ut
652 1331 702 1408 pie
717 1331 851 1394 creditur
868 1377 877 1406 ,
907 1331 1051 1396 etiem-si·
1099 1347 1155 1392 cur
1166 1332 1282 1394 deserit
1296 1329 1416 1391 Petrum
1432 1329 1645 1410 theologorum
1667 1329 1805 1395 omnium
1831 1329 1966 1394 auctori·

203 1416 266 1477 rnul
282 1419 423 1476 vovente.
655 1429 659 1437 ¹
678 1437 680 1448 =
1099 1414 1210 1480 tatem?
1224 1414 1266 1476 dn
1284 1419 1379 1474 tutum
1395 1412 1434 1473 sit
1449 1411 1490 1472 ub'
1509 1412 1721 1492 conjecturam
1750 1427 1843 1474 unctu
1870 1427 1970 1491 repu-

240 1497 326 1560 ttddo
338 1484 438 1558 lameri
453 1469 813 1574 secundorBVirginem
824 1467 992 1576 numquam
1002 1495 1055 1558 lta·
1098 1512 1191 1575 gnare
1207 1495 1350 1558 omnibu's
1366 1494 1516 1571 Patribus3
1532 1494 1600 1572 ipse
1623 1492 1741 1558 viderit.
1757 1492 1875 1558 Deinde
1903 1493 1966 1556 im-

198 1580 305 1642 buisse
317 1579 494 1656 explicitum
507 1577 643 1641 animum
655 1577 888 1642 consummandi
902 1579 1053 1640 tuetrimc·
1098 1579 1267 1655 probabilis
1283 1583 1313 1640 et
1328 1577 1420 1656 longe
1433 1577 1524 1652 petite
1540 1578 1591 1646 ille
1607 1578 1784 1654 conjectura
1799 1582 1858 1638 est,
1872 1575 1964 1642 Trrnc

197 1663 334 1738 nium‚ac
348 1662 478 1742 proinde
492 1661 600 1724 laisum
612 1677 683 1726 esse
698 1663 789 1724 etiem
805 1661 992 1724 antecedens
1008 1679 1055 1736 ar·
1098 1663 1180 1724 enim
1197 1662 1286 1742 Virgo
1302 1677 1362 1738 non
1379 1660 1516 1733 «linisset,
1532 1662 1680 1738 quoniam
1706 1661 1805 1722 rtrum
1827 1675 1889 1722 non
1908 1677 1966 1723 cu·

197 1745 335 1824 gumenti
366 1745 622 1807 adversariorum:
650 1760 717 1806 uem
748 1743 859 1823 nliuqui
890 1759 950 1804 nun
971 1751 1054 1806 esset
1099 1760 1227 1822 gnoson,
1245 1745 1303 1814 sed
1319 1790 1327 1817 ,
1344 1743 1489 1823 quomam
1507 1742 1603 1806 virum
1624 1758 1685 1806 uon
1707 1756 1906 1824 cognoscem.
1925 1745 1969 1806 et

196 1825 288 1908 Virgo
303 1829 418 1900 auimo,
445 1827 500 1888 sed
516 1827 615 1890 solum
631 1843 736 1890 cerne.
762 1825 825 1890 Nec
840 1832 941 1890 temen
957 1827 1053 1904 impe-
1096 1827 1232 1905 inquies:
1251 1828 1339 1904 Virgo
1354 1825 1483 1888 credidit
1506 1827 1617 1903 angelo
1631 1825 1831 1888 conuenienti
1851 1826 1961 1888 nativi·

196 1911 293 1973 ditum
309 1910 364 1972 tuit
378 1925 481 1972 nerum
498 1911 721 1972 matrimonium
735 1925 772 1972 ea
786 1915 932 1988 perpetue
947 1911 1053 1977 rolen-
1097 1916 1190 1972 tatem
1204 1903 1345 1982 llessiee,
1363 1915 1393 1972 et
1407 1907 1525 1974 solebat
1537 1907 1727 1971 esrattctnic
1741 1906 1877 1970 isaiael.
1897 1926 1960 1970 rua·

197 2001 257 2054 tate
273 1993 452 2055 continendi
469 2037 478 2063 ,
495 2008 553 2054 nec
566 1991 639 2054 lusit
650 1993 745 2054 virum
758 2003 966 2070 summeque
980 2009 1053 2054 cnrt-
1097 1998 1173 2054 trcm
1188 1991 1317 2056 blessine
1334 1989 1488 2071 Virginem
1500 1991 1647 2062 futuram:
1670 2007 1726 2054 cur
1751 2005 1826 2068 ergo
1850 1989 1929 2052 dixit
1949 2039 1958 2062 ,

194 2077 315 2156 jugium
327 2075 446 2155 perllde
457 2093 485 2136 s.
497 2074 588 2152 Virgo
600 2076 725 2154 sprevit,
738 2081 771 2136 ut
782 2074 975 2154 blasplternet
990 2073 1052 2140 Cal·
1097 2076 1240 2153 qccniom
1255 2076 1351 2139 virum
1367 2090 1428 2136 non
1444 2074 1626 2153 cognosco?
1648 2072 1852 2152 despondeo:
1887 2071 1963 2136 Vor-

196 2161 298 2237 vinces
315 2175 385 2219 uam
400 2175 470 2220 cum
483 2157 899 2232 matrimoniuminlibdedrt
913 2158 977 2220 tiro
1000 2158 1053 2220 eb·
1098 2165 1178 2220 lesse
1193 2157 1310 2237 Virgini
1326 2173 1387 2218 non
1403 2157 1525 2220 lenisse
1538 2156 1569 2218 in
1582 2157 1718 2220 mentem
1741 2155 1841 2218 stetim
1861 2153 1964 2220 isaiae

197 2243 328 2304 solutam
345 2247 526 2319 potestatem
541 2240 571 2301 in
585 2257 698 2320 corpus
713 2257 814 2312 suum,
831 2241 869 2302 ita
886 2246 918 2301 ut
933 2255 1003 2303 nere
1019 2241 1053 2302 li·
1099 2241 1284 2313 vaticinium,
1297 2246 1327 2302 et
1341 2240 1412 2302 ideo
1424 2240 1588 2318 virginitati
1603 2253 1677 2302 suae
1692 2235 1832 2300 timuisse
1849 2285 1857 2312 ,
1886 2239 1963 2303 licet

196 2326 294 2386 cuerit
308 2339 337 2387 s.·
348 2323 496 2402 losepbo,
509 2324 534 2384 si
548 2323 707 2396 voluisset,
721 2340 790 2386 cum
806 2323 837 2386 b.
857 2321 977 2400 Virgine
992 2324 1053 2392 ma·
1098 2323 1213 2403 alioqui
1229 2338 1290 2386 non
1307 2325 1461 2402 ignoraret
1485 2329 1612 2386 matrem
1641 2320 1771 2384 ttesstae
1799 2318 1962 2398 Virginem

196 2407 373 2470 trlmonium
388 2405 651 2481 consummarem
667 2406 750 2468 enim
765 2405 977 2481 renuntiaret
991 2407 1054 2468 sul·
1097 2405 1239 2479 loturam
1257 2412 1287 2466 et
1302 2407 1379 2468 haec
1393 2401 1886 2487 ridetur'scnteutiasiemundi,
1904 2405 1959 2482 qui

195 2487 259 2550 licit
274 2489 313 2551 ad
326 2489 492 2552 essentiam
510 2489 571 2550 reri
587 2488 723 2570 conjugii
737 2507 747 2565 ς
771 2495 871 2556 temen
887 2489 959 2566 quia
975 2490 1053 2551 seie-
1097 2488 1216 2552 inducit
1229 2488 1382 2568 Virginem
1398 2487 1566 2550 dicentem:
1583 2487 1613 2550 st
1627 2486 1799 2564 oportuerit
1816 2502 1865 2548 me
1881 2486 1967 2548 irau-

195 2572 248 2635 bat
262 2571 445 2650 ipse,disino
461 2571 647 2634 revelatione
663 2571 953 2650 edocte‚numotmru
973 2569 1053 2636 slo-
1097 2573 1300 2648 gereonium,
1317 2575 1348 2636 ut
1365 2569 1459 2632 lilium
1477 2570 1604 2647 pariam,
1615 2567 1776 2647 etgaudeo
1791 2567 1830 2630 de
1852 2566 1968 2641 ilicet

194 2656 325 2732 'seplrum
341 2655 372 2716 id
388 2654 606 2731 expetiturum.
620 2653 737 2726 idcirco
752 2659 871 2730 poteret
883 2654 1007 2726 babere,
1024 2659 1066 2726 et
1099 2653 1190 2716 doleo
1203 2655 1242 2716 de
1254 2659 1334 2731 ruto;
1351 2659 1381 2716 et
1396 2669 1422 2714 s.
1436 2652 1591 2716 Albenasii
1607 2651 1639 2714 in
1654 2667 1750 2714 serm.
1764 2652 1803 2735 de
1817 2647 1961 2730 Delpare,

193 2737 330 2800 babebat
341 2737 513 2818 explicitam
529 2738 713 2800 reluctetem
729 2735 1051 2816 sempereouttneudi,
1098 2736 1150 2812 nui
1166 2737 1217 2798 eit:
1233 2735 1289 2798 llic
1305 2737 1443 2799 beesitel
1460 2735 1550 2814 Virgo
1564 2735 1601 2798 ad
1620 2733 1757 2798 obturem
1776 2734 1964 2814 respiciens,

195 2821 227 2883 in
242 2837 303 2899 que
325 2821 489 2898 vuluntate,
507 2820 630 2898 proprie
655 2820 812 2898 virginitas
836 2820 990 2882 consistit.
1017 2819 1055 2882 ttt
1099 2825 1130 2880 et
1143 2817 1329 2898 delusepbc
1344 2818 1493 2898 cogitans.
1511 2819 1584 2886 bico
1598 2817 1737 2882 secundo
1763 2833 1831 2878 cum
1847 2832 1875 2880 s.
1893 2818 1963 2880 dm·

160 2941 169 2954 ·
193 2905 331 2978 quamtis
344 2921 370 2966 s.
385 2903 517 2968 lnonas
532 2908 593 2964 non
608 2903 746 2964 admittet
766 2907 867 2964 sotum
879 2901 1053 2966 absolutum
1096 2901 1201 2964 brosio
1217 2903 1248 2962 in
1265 2903 1347 2966 hunc
1362 2901 1475 2964 locum:
1489 2901 1610 2964 Beatam
1626 2897 1748 2965 diarium
1768 2899 1884 2980 optime
1901 2899 1964 2962 sci·

192 2986 374 3064 virginitatis
390 2986 421 3047 iu
433 2983 594 3062 b.Virgine
609 2991 679 3048 ante
694 2983 1053 3062 desponsationemsce
1097 2984 1190 3046 visset
1205 2991 1332 3048 matrem
1348 2979 1478 3048 ilcssiee
1490 2981 1647 3061 Virginem
1658 2982 1834 3062 pariturum,
1855 2989 1885 3044 et
1906 2983 1966 3044 boe

192 3074 353 3130 tustemen
366 3067 496 3129 admittit
510 3067 540 3128 in
559 3065 590 3128 l.
607 3067 743 3129 distinct.
760 3063 811 3129 30.
837 3074 958 3146 quaest.
974 3067 1005 3128 2.
1022 3074 1053 3130 ct
1100 3067 1143 3127 illi
1157 3073 1228 3129 lunc
1244 3069 1274 3142 in
1288 3065 1426 3133 mentem
1438 3065 1573 3140 vertisse,
1598 3071 1628 3128 et
1648 3065 1731 3136 ideo·
1748 3081 1810 3128 eon
1840 3065 1965 3142 quessi-

193 3157 264 3213 ante
280 3149 404 3212 Scotum
418 3149 561 3212 tilbertus
576 3150 705 3229 llagnus
716 3151 748 3212 in
763 3149 843 3212 libro
854 3151 895 3210 de
910 3149 1053 3214 leudibus
1098 3149 1191 3212 risset
1205 3159 1243 3210 en
1256 3159 1340 3213 esset
1351 3151 1439 3230 Virgo
1455 3151 1598 3228 periture,
1612 3147 1668 3212 sed
1684 3145 1851 3228 quomodo
1865 3153 1900 3208 et
1915 3164 1963 3208 or·

196 3233 376 3312 Virginis‚et
392 3239 460 3293 ante
476 3232 629 3294 elbertum
645 3233 742 3295 sancti
757 3231 879 3303 Patres,
889 3231 1054 3311 Gregorius
1098 3233 1170 3294 dinc
1184 3232 1215 3294 id
1232 3234 1365 3298 tutorum
1379 3239 1476 3310 esset;
1492 3231 1578 3310 quusi
1591 3231 1718 3294 diceret:
1744 3228 1894 3303 Quortiem
1921 3245 1961 3292 ex

195 3319 351 3396 nyssenus
363 3320 394 3377 et
408 3315 595 3392 Augustinus
606 3315 684 3386 locis
695 3313 1054 3380 notetiedisertisrerbis
1099 3321 1180 3385 tutu,
1196 3315 1325 3378 etlirmu
1340 3317 1497 3394 proposito
1514 3316 1608 3376 strum
1634 3327 1790 3391 cognosce
1808 3357 1816 3383 ,
1832 3319 1921 3376 certe
1932 3313 1960 3374 si

196 3397 320 3475 docent,
337 3398 370 3461 b.
384 3395 539 3475 Virginem
555 3399 674 3460 rosisse
689 3403 758 3460 ente
771 3396 1055 3478 desponseticuem3
1101 3396 1233 3474 periture,
1247 3415 1328 3466 sum,
1344 3398 1436 3476 Virgo
1452 3399 1585 3477 paritura
1596 3411 1677 3458 suma:
1692 3402 1721 3456 ot
1735 3392 1890 3474 quomodo
1908 3411 1965 3458 res

193 3495 297 3559 neque
312 3481 401 3543 rideo
417 3496 472 3542 cur
483 3481 516 3540 id
531 3485 634 3542 retum
650 3485 766 3558 pugnet
780 3496 849 3543 curn
865 3481 927 3542 neri
949 3487 1055 3558 conju·
1101 3487 1161 3542 tem
1174 3480 1294 3542 insolita
1310 3479 1430 3544 uertet
1442 3481 1568 3560 quadret
1589 3475 1692 3556 angeli
1721 3477 1896 3558 responsio,
1914 3478 1960 3538 di-

193 3563 235 3640 git
250 3562 469 3636 celebratione,
483 3562 583 3642 postte
597 3563 784 3637 revelatione
803 3608 825 3634 ,-
840 3579 932 3640 quam
948 3579 1057 3628 omnes
1100 3558 1353 3642 centiesptntce
1363 3561 1751 3640 scoctoeoopereentettn
1761 3560 1962 3638 te.elr.idest,

192 3646 328 3726 theologi
345 3652 473 3725 ponunt,
484 3645 665 3725 qeebeatee
676 3644 792 3726 Virgini
805 3645 972 3710 resolutum
987 3645 1054 3719 luit,
1102 3644 1211 3708 modus
1226 3645 1276 3708 nic
1291 3649 1359 3718 erit,
1372 3652 1410 3708 ut
1421 3645 1553 3724 Spiritus
1571 3651 1697 3708 sanctus
1722 3645 1753 3704 iu
1769 3651 1798 3706 te
1812 3657 1963 3720 superra-

193 3743 359 3806 numcuem
379 3745 407 3791 s.
419 3726 742 3808 losepbunrdcbtturn
761 3727 924 3810 coujugale
940 3731 1054 3810 expeti·
1103 3729 1177 3806 nial,
1193 3729 1307 3808 eteius
1321 3744 1426 3808 opere,
1443 3743 1505 3790 uon
1519 3727 1572 3792 tiri
1588 3726 1719 3808 alicuius
1733 3731 1874 3806 operest
1888 3743 1966 3790 ceu·

193 3817 306 3874 terum.
651 3829 653 3832 ·
1103 3810 1384 3889 cipies,etparies.
1883 3852 1885 3858 .

233 3894 280 3965 tt,
297 3893 441 3974 inquiunt
455 3891 593 3972 quidam,
610 3907 671 3954 uun
689 3899 799 3970 potest,
817 3891 870 3974 qui
883 3907 939 3971 per
953 3901 1055 3958 toturn
1143 3894 1203 3958 Sed
1216 3893 1280 3972 iam
1292 3894 1414 3956 Calvino
1426 3893 1554 3958 dimisso
1576 3891 1696 3956 Petrum
1722 3891 1882 3969 uerterent
1910 3909 1964 3954 au·

193 3991 229 4039 se
243 3974 525 4051 contractumnc
539 3975 710 4054 nuptiasse
725 3977 811 4039 alteri
824 3977 957 4040 trudere.
971 3977 1056 4040 llude
1103 3975 1234 4040 diurnus.
1253 3977 1283 4040 ls
1299 3977 1330 4038 in
1345 3977 1399 4040 tib.
1416 3975 1454 4038 de
1467 3975 1620 4040 coelibatu
1635 3980 1666 4038 et
1680 3973 1757 4039 rutis
1773 4019 1783 4045 ,
1797 3975 1854 4034 trie
1869 3991 1966 4051 quee-

194 4066 225 4121 et
238 4059 398 4138 spostolus
411 4059 441 4121 l.
457 4057 589 4122 Vimetb.
606 4057 637 4120 b'.
650 4057 725 4120 dicit
739 4075 803 4134 eas,
817 4075 898 4138 quae
920 4064 989 4138 pust
1006 4068 1057 4122 ro:
1102 4059 1274 4121 demellert
1288 4059 1324 4122 ad
1343 4059 1425 4121 bunc
1439 4059 1540 4121 luceru
1557 4057 1708 4137 evangelii
1729 4054 1962 4135 explicandum.

193 4147 257 4203 tum
273 4142 391 4204 nubere
405 4139 559 4213 rolebeni,
572 4136 799 4214 damnationem
821 4141 948 4221 bebere3
975 4139 1057 4218 ertc'
1102 4140 1202 4206 Primo
1217 4141 1302 4216 dicit,
1318 4157 1379 4207 ccc
1396 4141 1563 4218 cohaerere
1579 4139 1806 4210 matrimonium
1834 4138 1965 4216 uirginis

83 4285 85 4291 2
191 4222 1057 4306 prencepdemtrritcmteceecnt.tiespondeozttum
1103 4221 1682 4302 cumrcttnirgmitetis.Sedbucjam
1696 4219 1831 4292 solutum
1846 4229 1906 4284 cst.

194 4310 247 4388 qui
260 4308 339 4370 mitt
353 4304 585 4381 continentium,
602 4323 663 4369 non
676 4321 768 4386 posse
777 4307 840 4388 jem
852 4323 886 4368 se
901 4306 986 4368 alteri
999 4315 1057 4376 tra·
1124 4305 1126 4312 '
1144 4307 1286 4372 Secunde
1301 4306 1376 4372 dicit
1388 4323 1448 4370 nun
1466 4323 1558 4382 posse
1581 4304 1685 4384 colligi
1711 4309 1812 4366 sotum
1835 4317 1872 4366 es
1902 4303 1966 4366 illis

195 4393 269 4452 dere
285 4405 355 4451 eum
372 4387 654 4467 periculosiolendl
669 4389 812 4466 rotimum
827 4388 1056 4470 debujusmodi
1101 4391 1213 4453 verbis:
1233 4388 1393 4466 Quoniam
1403 4389 1514 4456 uirum
1525 4403 1595 4456 cete
1609 4401 1776 4467 coacescit,
1794 4383 1854 4448 nisi
1876 4401 1964 4448 [⁰⁰¹⁰

195 4473 339 4551 persenis
353 4470 512 4551 apostobts
528 4471 793 4551 loquitur,etretlu
805 4474 872 4552 ipse
883 4472 942 4536 ltuc
955 4474 1056 4537 docet.
1102 4475 1296 4552 dnanegoroe
1311 4473 1471 4550 quodlibet
1485 4473 1633 4536 luciumus
1647 4487 1684 4536 ee
1696 4468 1879 4548 quotibetet
1892 4485 1965 4548 pro·

195 4555 232 4617 tt
247 4554 273 4616 si
289 4553 370 4616 edslt
380 4554 531 4616 certitudo
544 4554 716 4618 inlellibilis
726 4557 786 4618 soti
801 4571 968 4634 uumquem
995 4554 1056 4618 rio·
1103 4557 1153 4616 bat
1167 4572 1205 4618 etr
1219 4555 1288 4617 aliis
1303 4555 1457 4618 similibus
1472 4554 1718 4632 loquutinnibus3
1731 4568 1802 4614 nem
1818 4550 1914 4616 llaec.
1930 4551 1963 4614 o.

195 4635 291 4711 landl,
309 4651 370 4706 non
386 4641 555 4716 repugnet,
572 4643 605 4698 ut
619 4637 732 4716 quiest
746 4637 839 4702 utrius
854 4653 889 4702 se
902 4639 999 4700 tradat
1014 4643 1057 4700 et·
1102 4638 1222 4717 blogses
1237 4636 1321 4700 dixit:
1342 4635 1503 4714 monsedo
1522 4638 1636 4704 codici
1656 4651 1707 4700 coe
1721 4633 1864 4709 Pboreo,
1887 4649 1966 4696 cum

197 4721 257 4782 tatu
272 4710 360 4782 eltcli
379 4718 547 4784 indiverso
573 4735 688 4800 genere
717 4720 916 4805 nuptierum,
943 4721 1057 4796 allocut
1101 4721 1163 4784 sim
1174 4719 1268 4784 lobiis
1281 4720 1559 4786 incircumcisus?
1581 4719 1618 4782 lit
1633 4723 1735 4780 tamen
1750 4733 1811 4779 nou
1828 4716 1902 4780 inde
1916 4733 1966 4778 re·

196 4811 257 4865 non
273 4807 402 4884 possent
424 4802 575 4882 conjuges
593 4817 631 4864 cx
645 4804 802 4866 communi
827 4817 984 4866 consensu
1008 4821 1058 4866 vc·
1105 4810 1153 4867 etc
1168 4803 1396 4882 colligeremus,
1414 4803 1550 4884 ttopsern
1566 4801 1686 4868 rosisse
1699 4798 1852 4864 labiomm
1868 4798 1964 4860 incir-

195 4899 265 4948 nere
281 4883 510 4958 continentium,
528 4884 611 4964 quod
634 4891 733 4948 temen
759 4887 922 4957 admittunt
949 4901 1058 4954 omnes
1104 4885 1337 4950 cumcisiouem.
1356 4885 1391 4946 Et
1405 4883 1690 4968 llicodernusdixit,
1706 4867 1796 4958 ioan,
1824 4883 1855 4946 l.
1881 4879 1965 4958 Quu-

195 4968 344 5047 tlreolcgi3
361 4981 430 5030 nem
447 4967 599 5046 ejusmodi
615 4967 767 5048 conjuges
791 4970 965 5034 celredum
992 4968 1057 5032 lieu
1104 4969 1199 5032 niodo
1213 4974 1313 5046 potest
1327 4967 1421 5031 bomo
1434 4970 1530 5032 nosci
1543 4982 1619 5032 ceco
1641 4967 1684 5030 eit
1702 4967 1837 5032 senece
1866 4965 1904 5030 lit
1919 4969 1965 5026 ta·

197 5065 253 5128 per
266 5055 380 5121 rutum,
396 5055 427 5114 et
441 5057 543 5114 temen
557 5057 630 5114 suut
644 5049 775 5114 invicem
787 5051 911 5130 obligati
925 5067 980 5132 per
994 5067 1056 5114 ma·
1102 5068 1172 5112 men
1189 5052 1258 5194 cuge
1273 5051 1345 5113 inde
1365 5051 1489 5132 colliget
1511 5049 1713 5114 Nicodemum
1740 5049 1861 5112 notuisse
1873 5063 1966 5112 seue·

202 5134 389 5196 trimonlum.
741 5193 749 5206 χ
1011 5138 1017 5148 ’
1102 5139 1215 5197 cluletu
1478 5197 1480 5202 ,

236 5213 349 5290 Tertio,
366 5215 509 5278 Cetrium
522 5214 691 5294 respondet
706 5220 811 5279 nostro
828 5221 858 5280 et
872 5216 993 5280 Petrum
1009 5233 1056 5280 er·
1144 5215 1209 5278 Sed·
1220 5216 1296 5278 hoec
1318 5215 1410 5278 nimis
1424 5215 1533 5296 frigide
1548 5219 1633 5292 suut3
1648 5229 1720 5278 uam
1735 5211 1969 5278 incircumcisio

198 5303 343 5377 gumento
358 5345 366 5372 ‚
383 5315 444 5380 quc
459 5297 624 5378 probamus
638 5347 646 5374 ,
661 5297 817 5378 Virginem
834 5299 952 5363 scrisse
966 5296 1057 5378 rirgi·
1103 5298 1251 5362 lebiurum
1269 5303 1298 5362 ct
1314 5304 1472 5375 seneclus,
1488 5315 1549 5370 pon
1565 5297 1756 5378 pendentes
1773 5297 1872 5362 libero
1886 5295 1968 5358 arbi·

199 5381 324 5442 nitelem
339 5425 347 5451 ,
363 5381 434 5458 quie
448 5379 562 5461 alioqui
577 5383 682 5460 inepte
697 5381 910 5460 respondisset
924 5382 1034 5462 engelo
1049 5401 1057 5446 ι
1104 5383 1209 5457 trio‚ct
1223 5381 1293 5445 ideo
1302 5381 1555 5459 impedimentum
1568 5378 1778 5456 ederuntsire
1790 5382 1829 5444 ed
1838 5380 1972 5459 loqueu-

203 5461 366 5539 Quocum
380 5461 434 5542 det
445 5464 556 5540 istud,
572 5464 732 5546 peotciune
743 5466 851 5529 cirum
860 5480 1059 5544 coe-cupco·
1105 5465 1190 5538 dum,
1207 5463 1271 5526 sire
1286 5464 1323 5526 ad
1340 5465 1543 5534 nascendum,
1555 5463 1637 5544 quod
1654 5479 1716 5526 nou
1732 5469 1835 5543 potest
1847 5463 1913 5526 tolli
1929 5462 1969 5527 ub

199 5549 273 5610 seo?
288 5544 494 5620 Sulcendrmt,
509 5546 623 5626 inquil,
638 5555 682 5612 eet
695 5545 855 5634 objectum
869 5595 877 5622 ,
890 5549 979 5630 guod
997 5549 1059 5611 Vir·
1105 5546 1393 5622 bominelleucirce
1408 5548 1576 5630 prudenter
1590 5545 1666 5610 dixit
1679 5546 1813 5625 blosses:
1833 5543 1969 5622 moero·

201 5643 241 5712 pc
252 5631 290 5698 itt
302 5627 450 5718 {idumeus
462 5635 586 5710 temptes
600 5632 752 5712 respiciet
765 5678 774 5708 ,
786 5632 924 5713 ideoque
937 5629 1059 5720 signiti-
1105 5631 1146 5695 do
1162 5629 1274 5694 ocdtc
1287 5647 1337 5695 me
1352 5629 1653 5710 Poanemouneos
1668 5628 1770 5696 tctttr
1791 5629 1970 5696 incircum·

513 5817 523 5862 l
