4080 6306
822 370 917 431 tibin
939 367 1061 428 ltttttlis
1704 365 1753 422 itti

64 503 223 566 irretmm
237 498 319 580 quod
331 499 497 569 croiacus
507 499 711 578 dicit,banam
726 519 853 569 sansoni
868 508 921 570 ha·
967 505 1066 567 sacae
1080 499 1252 578 daemonis,
1266 506 1302 567 ut
1317 505 1399 584 patet
1413 497 1619 574 indalecium
1635 495 1793 561 ltilarlcne
1818 545 1827 569 ,

63 585 126 662 bet;
141 599 213 646 cam
229 585 371 648 enimait
394 583 568 658 ‚Ecclesiam
591 583 747 648 addidisse
772 589 922 668 quaedam
967 587 1145 661 Benedicta,
1158 593 1187 650 at
1201 585 1423 664 similibuspai
1440 579 1471 646 in
1488 597 1603 654 eremo,
1620 585 1651 644 et
1664 579 1823 661 perpetuis

62 664 193 730 coasilia
208 666 420 745 perfectionis,
438 676 470 731 ot
484 669 516 730 ia
539 667 588 730 eis
602 673 743 732 numerat
762 674 923 734 continen-
964 669 1094 755 jejuniis
1109 669 1374 744 rirentos‚·tcmen
1391 667 1596 738 tentabantur,
1622 672 1652 726 ol
1680 667 1754 728 lonc
1768 681 1822 728 nc·

65 753 132 812 tiam
150 751 347 824 olorinorum,
365 752 431 812 nult
446 751 562 820 dicere,
577 749 748 814 Ecclesiam
760 753 923 832 imposuis·
966 751 1099 816 cessaria
1115 758 1163 814 est
1176 757 1283 826 cretio,
1297 752 1367 831 quia
1383 753 1513 814 daemon
1534 748 1640 810 tortior
1654 747 1746 810 nobis
1761 751 1819 822 ost,

61 849 95 896 se
120 833 247 896 clericis
273 832 495 894 continentiam
524 840 689 911 praecepto
717 835 922 914 serrandum,
968 851 1026 899 nce
1041 837 1424 913 pussumosearnrinoere
1439 835 1505 895 nisi·
1522 831 1634 893 auxilia
1664 829 1823 904 fortioris,

61 932 139 994 puae
168 915 285 994 alioqui
306 916 406 981 solum
434 920 501 978 erat
519 916 684 980 consilinm
708 919 921 998 perfectionis.
967 921 1020 998 qui
1036 925 1083 980 est
1097 919 1192 980 Deus:
1214 925 1339 998 propior
1355 915 1413 979 boo
1428 914 1541 978 dicitnr
1567 912 1752 994 Septenos.
1769 914 1824 976 lic·

61 999 218 1062 lleoenlm
234 997 383 1060 credibile
410 1003 530 1060 esttcrrr
545 997 794 1078 ineptumluisse
810 1000 924 1066 Gratia·
964 1005 1214 1080 maputesteaee
1239 998 1487 1063 continernanisi
1506 996 1591 1060 Deus
1616 998 1679 1059 det.
1694 994 1749 1058 Vel
1765 997 1825 1058 orl·

61 1097 146 1154 nam,
165 1087 199 1142 ut
213 1082 362 1160 putauerit
377 1080 596 1144 continentiam
618 1098 680 1144 ιιοιι
702 1081 799 1148 luisse
821 1087 924 1149 oonsi-
968 1090 1017 1146 tur
1031 1099 1067 1146 cx
1083 1083 1267 1145 abnndantia
1284 1083 1343 1143 cibi
1359 1087 1390 1143 et
1404 1085 1507 1160 putas3
1531 1095 1600 1140 narn
1622 1093 1693 1141 eom
1718 1085 1826 1141 natura

61 1165 136 1226 lium
153 1163 353 1243 perlectionis
368 1170 439 1226 unte
453 1161 612 1226 Ecclesiae
627 1165 851 1230 definitionem.
968 1167 1088 1245 accepit
1102 1166 1182 1246 quod
1198 1163 1310 1228 scilicit
1324 1165 1361 1226 ud
1377 1163 1574 1225 nutritionem
1586 1161 1739 1242 reliquum
1752 1175 1827 1224 con·

103 1246 205 1308 Alium
221 1261 369 1308 cacunem
386 1245 620 1325 proierchlrns
633 1247 742 1328 llortyr
757 1250 787 1310 in
804 1249 859 1312 lib.
883 1249 922 1313 de
969 1253 1094 1312 vertitur
1108 1251 1139 1310 in
1155 1250 1311 1311 materiam
1331 1245 1563 1328 generationis,
1592 1244 1666 1306 inde
1691 1244 1828 1306 nascitur

63 1330 231 1400 coelibatu,
247 1335 278 1390 et
289 1330 379 1400 ratis,
395 1345 434 1390 cr
449 1329 578 1407 epistola
589 1327 641 1392 st.
655 1329 729 1393 alias
744 1329 796 1394 85.
809 1333 926 1396 siec-
971 1333 1105 1412 pruritus
1119 1330 1232 1406 carnin
1249 1335 1399 1394 utcontra
1414 1328 1475 1390 bno
1489 1325 1697 1390 necessarium
1721 1331 1768 1388 est
1780 1325 1828 1406 je·

62 1413 125 1482 nis,
148 1411 201 1476 ubi
216 1410 262 1475 sic
275 1411 418 1489 legimus:
440 1408 570 1474 Dicente
594 1413 684 1476 mam
708 1416 851 1492 apostolo
866 1463 874 1489 ‚
889 1421 927 1479 nt
967 1415 1101 1497 janium,
1117 1413 1264 1477 atoarnis
1279 1410 1571 1490 acroceraunium,
1597 1415 1688 1488 potus
1702 1407 1828 1486 cibique

62 1495 245 1556 interctics
259 1494 633 1572 olmietimaismirepulce
646 1496 676 1557 ir
698 1498 855 1576 episcopie
877 1515 925 1561 ar·
970 1497 1112 1578 parcitas.
1125 1495 1328 1576 Voldenipac
1343 1494 1439 1557 oritur
1454 1506 1492 1556 ex
1505 1499 1658 1573 aspectu,
1690 1497 1721 1554 et
1735 1493 1830 1554 oolla·

65 1578 212 1650 dicetur,
230 1591 327 1655 pann
340 1578 441 1640 mrim
464 1578 582 1640 amaru
605 1579 715 1641 nimam
742 1580 842 1656 panea
868 1587 927 1644 crat
971 1579 1043 1660 quic
1056 1578 1270 1657 laeminarum3
1286 1593 1356 1642 nam
1372 1591 1423 1640 res
1437 1578 1521 1642 risco
1536 1576 1584 1638 rol
1600 1572 1764 1649 auditumst
1777 1589 1831 1636 aa·

64 1675 132 1722 esso
147 1666 319 1730 constaret.
335 1665 403 1722 tam
415 1675 514 1724 acccc
526 1676 654 1739 semper
677 1667 723 1724 est
737 1663 851 1726 babitu
862 1665 928 1726 istc
972 1670 1056 1726 turno
1071 1663 1253 1727 conveniant
1271 1659 1533 1740 imaginationem
1548 1656 1740 1719 ¹naturaliter
1765 1673 1828 1719 mc-

60 1743 262 1822 praeceptio,
276 1747 313 1804 nt
320 1742 395 1820 jam
409 1743 449 1805 dc
463 1743 599 1805 anullare
612 1747 787 1808 scandatis
808 1747 928 1824 oiipem
971 1753 1052 1820 rent,
1067 1753 1097 1808 et
1109 1745 1285 1824 irnaginatic
1296 1743 1476 1829 appetitura.
1492 1741 1571 1803 ilinc
1586 1745 1630 1802 tot
1651 1739 1738 1817 leges
1759 1755 1833 1802 ocn-

68 1826 125 1895 dc,
142 1826 261 1888 ecdem
284 1826 488 1903 intelligutur
514 1828 680 1890 camundo
706 1829 864 1891 conditio:
888 1847 930 1892 nc
972 1828 1351 1908 olliornmprctribontlum
1367 1825 1491 1888 olorinis
1505 1823 1708 1888 iccrninarum
1724 1829 1831 1884 conlu-

66 1909 148 1984 farte
162 1909 223 1970 illc
235 1909 432 1988 primqacm
442 1909 482 1971 in
493 1910 741 1972 matrimonium
756 1911 825 1992 mus
839 1913 928 1975 aeni·
964 1910 1125 1988 bernlu'nn
1137 1913 1176 1974 do
1191 1927 1253 1988 qao
1268 1913 1361 1974 etiarn
1374 1908 1444 1972 ride
1459 1906 1608 1970 Basiliam
1636 1922 1664 1968 c.
1678 1905 1708 1968 3.
1724 1905 1829 1972 nocc-

65 1999 125 2061 τοι,
143 1992 204 2068 qni
217 1991 401 2077 cliumncn
414 1990 580 2054 bcbniamt
602 2007 767 2072 remoretur,
795 1995 929 2059 alterins
973 1999 1017 2058 εις
1030 2000 1130 2058 const.

64 2074 130 2134 cini
142 2080 222 2136 ascet
236 2073 588 2153 ampartcccmnpinm.
615 2073 659 2136 Er
687 2077 747 2138 buc
774 2077 843 2141 loco
868 2081 929 2142 duc
1019 2073 1092 2140 θιιιιι
1108 2077 1200 2156 igitur
1213 2075 1377 2140 Lntbemni
1393 2073 1470 2138 baec
1485 2071 1540 2136 tria
1556 2069 1737 2151 abjecerint,
1751 2070 1835 2134 rido-

67 2155 200 2216 deducta
212 2155 333 2236 biartyr,
352 2171 448 2234 posse·
460 2155 525 2218 tleri
543 2160 737 2236 episcopum,
753 2176 814 2221 ncrr
829 2163 930 2224 sclam
973 2160 1057 2228 licet.
1073 2161 1241 2223 arationem
1270 2158 1490 2221 canonicorum
1518 2155 1686 2226 berorum,
1715 2151 1836 2234 jeiunic

67 2239 120 2314 qni
139 2239 295 2311 babuerit,
312 2241 367 2300 sed
385 2239 475 2300 etiam
491 2241 542 2316 arri
555 2239 668 2303 babent
681 2258 773 2304 unam
788 2258 928 2306 uxorem:
973 2243 1134 2316 omnic,'et
1147 2244 1239 2305 etiam
1251 2242 1324 2305 teria
1340 2240 1371 2301 ti.
1388 2239 1534 2300 carnibus
1550 2241 1766 2312 inconcinnae
1781 2235 1836 2298 de·

66 2328 97 2381 ct
114 2337 210 2398 posse
224 2323 407 2399 episcopum
421 2337 548 2383 ararem
563 2324 718 2386 doceresi
733 2329 793 2386 rico
805 2325 930 2391 babeat.
972 2343 1057 2388 raam
1072 2328 1205 2405 carisque
1218 2325 1300 2390 dorni
1316 2337 1390 2386 scae
1406 2321 1566 2384 moliorem
1592 2319 1708 2382 babere
1736 2318 1808 2380 relil
1824 2365 1833 2396 ,

63 2405 100 2464 Αι
114 2406 189 2464 rniro
207 2411 257 2464 est
270 2403 459 2481 impudentia
474 2403 567 2484 bajus
582 2405 730 2486 baminis3
760 2407 832 2476 llam
848 2409 930 2472 idern
975 2412 1048 2488 qnid
1065 2408 1176 2470 mirum
1191 2410 1217 2471 si
1239 2408 1399 2470 continere
1425 2419 1486 2465 non
1508 2401 1648 2482 possint?
1659 2400 1751 2468 Corte
1776 2399 1836 2466 Lu·

64 2485 130 2547 Lea
144 2488 174 2546 in
190 2485 354 2564 epist-Si.
368 2489 405 2548 ad
422 2487 613 2550 tanslaslurn
629 2491 722 2567 capit.
739 2489 769 2552 3.
797 2498 827 2552 et
838 2490 868 2553 i.
886 2493 930 2553 dl·
974 2496 1081 2554 literas
1095 2493 1162 2568 ipsa
1177 2492 1207 2552 in
1223 2491 1354 2569 singulis
1366 2485 1503 2568 prandiis
1519 2492 1549 2547 et
1562 2484 1687 2559 caenis,
1701 2483 1837 2563 largissi-

65 2569 161 2632 sertis
174 2568 278 2634 uerbis
292 2569 392 2649 jubat,
410 2572 591 2648 episcopum
603 2572 644 2632 ita
661 2573 873 2636 onius‘nrrcris
888 2575 930 2636 ri·
975 2589 1025 2636 rnc
1038 2574 1229 2652 epulabatur,
1243 2581 1273 2636 el
1284 2587 1381 2638 unam
1398 2569 1562 2632 sextariam
1578 2567 1641 2629 rici
1652 2565 1752 2630 dulcis
1763 2567 1837 2629 bau·

64 2667 222 2716 ramesse
239 2667 345 2730 passe,
360 2655 395 2714 nt
410 2659 509 2714 tomen
525 2653 564 2714 eb
580 2653 631 2715 illa
645 2664 794 2734 perpetua
809 2673 843 2720 se
859 2673 931 2720 oon·
975 2658 1084 2726 riebct,
1101 2663 1134 2718 at
1148 2662 1196 2718 est
1210 2657 1241 2719 ic
1254 2654 1383 2734 epistola
1406 2650 1537 2733 quadam
1563 2648 1711 2714 od-tlcom
1728 2653 1834 2727 operis

67 2734 175 2796 tinent.
203 2733 291 2808 Quod
308 2749 380 2797 rerc
396 2735 426 2798 ia
443 2735 627 2812 quibusdam
649 2738 876 2818 exemplaribus
889 2742 931 2802 le·
974 2737 1256 2802 loannlsdccblaei
1272 2739 1311 2800 de
1326 2739 1385 2798 rita
1396 2733 1534 2798 botheri.
1644 2787 1645 2796 ,

62 2822 162 2892 gitur:
175 2815 221 2878 De
234 2817 372 2881 muliere
391 2819 569 2882 sacerdotis
591 2820 764 2898 eligenda,
784 2822 930 2884 mendam
1016 2823 1237 2901 Argumentum
1252 2821 1398 2898 Quintum
1423 2823 1456 2880 ot
1479 2817 1633 2880 nltimam.
1660 2811 1838 2878 Coelibclcs

66 2906 119 2964 est
135 2900 349 2962 manifestum.
373 2899 422 2962 Sic
438 2901 520 2962 enim
536 2901 594 2982 legi
619 2903 712 2965 debet
729 2950 738 2976 ‚
768 2909 798 2966 et
822 2905 935 2984 legitur
976 2905 1035 2968 isle
1052 2906 1236 2967 clericorum
1251 2899 1446 2983 prodigiosas
1461 2897 1609 2962 libidines
1624 2897 1726 2976 parit,
1750 2913 1838 2960 murr-

65 2981 96 3044 in
114 2981 281 3044 codicibus
304 2981 494 3046 melioribus:
520 2981 565 3046 De
584 2985 722 3050 muliere
752 2988 931 3054 inundatis
977 2991 1051 3051 dum
1068 2989 1262 3058 concubinis,
1276 2982 1487 3048 ctEcolesium
1505 2980 1659 3044 scandalis
1671 2979 1781 3058 replet.

64 3065 226 3142 elidendi-
411 3097 413 3104 ’
623 3083 626 3090 ·
1017 3071 1214 3152 Respondeat
1242 3069 1365 3130 Falsum
1380 3080 1451 3128 essa
1468 3111 1477 3136 ‚
1494 3062 1577 3143 quod
1593 3061 1764 3126 caelibatus
1780 3063 1839 3126 istc

107 3149 334 3226 Argumentum
355 3147 501 3224 Quartum
512 3147 659 3229 Philippi.
675 3149 933 3215 continentiores
978 3153 1086 3233 pariat,
1103 3152 1158 3215 sed
1174 3153 1291 3216 abusus
1303 3157 1350 3212 ost
1364 3144 1535 3210 coelibatus
1551 3192 1560 3222 ,
1575 3168 1578 3196 ι
1591 3144 1644 3224 qui
1667 3143 1725 3206 istc
1747 3143 1837 3224 parit.

66 3237 116 3292 cst
130 3229 399 3305 difficillime‚.noo
413 3231 557 3294 amnibus
573 3234 672 3310 datur3
688 3239 722 3294 ot
736 3239 818 3313 petet
829 3235 932 3310 Ιιιιιι.
979 3236 1144 3314 apostolas
1156 3237 1238 3298 enirn
1256 3236 1285 3296 i.
1302 3231 1371 3295 Cor.
1391 3232 1421 3293 i.
1437 3229 1554 3291 tructos
1579 3226 1751 3294 coelibatus
1767 3241 1839 3292 esse

68 3313 119 3374 ιιι.
136 3310 212 3376 Νοιι
232 3327 343 3376 amnes
370 3315 506 3394 ocpmm
526 3313 659 3378 umbrare
673 3317 743 3380 buo.
769 3315 850 3397 Ergo
871 3333 933 3382 nco
979 3318 1064 3392 dicit,
1080 3318 1214 3396 cogitare
1229 3331 1309 3396 puae
1322 3314 1375 3376 Dei
1392 3319 1485 3379 sant.
1504 3316 1644 3374 sanctam
1671 3324 1742 3372 essa
1771 3325 1838 3372 cor·

64 3395 179 3457 debuit
202 3397 241 3456 ita
259 3393 472 3460 indifferenter
485 3399 630 3462 omnibns
654 3399 776 3463 clericis
799 3401 929 3480 imponi.
980 3402 1228 3480 poreotspiritn‚
1244 3400 1313 3461 sine
1326 3393 1555 3459 intermissione
1570 3392 1700 3454 llomirrc
1722 3390 1838 3456 asside·

62 3477 269 3556 nespacaec:
286 3477 450 3546 Siculone
465 3481 600 3544 omnium
623 3487 671 3545 est
693 3483 809 3545 dunum
834 3484 931 3546 cunti·
975 3479 1308 3563 reincipiendus,
1324 3479 1379 3542 sed
1396 3478 1513 3540 abusus
1537 3473 1709 3539 coelibatus
1734 3472 1839 3551 prcdl·

61 3561 206 3632 nontiae,
223 3561 263 3622 ita
279 3575 337 3624 noo
361 3561 473 3626 amnes
496 3561 611 3626 debent
631 3579 701 3629 esse
726 3565 929 3640 secerdotes,
976 3569 1078 3645 glosas
1093 3567 1240 3629 libidines
1255 3561 1385 3644 pariesi
1402 3567 1505 3624 colem
1517 3564 1643 3638 proptor
1657 3558 1773 3619 abusus
1787 3573 1839 3621 ros

62 3644 120 3706 sed
147 3645 252 3705 sclam
264 3643 299 3715 ii,
313 3644 368 3720 qui
379 3644 595 3708 ridentnrbcc
610 3647 723 3711 donum
740 3648 867 3710 hamne.
977 3652 1076 3711 banne
1093 3649 1246 3710 tollendae
1262 3649 1380 3715 essent,
1398 3643 1520 3708 eoelum
1535 3647 1566 3703 et
1581 3648 1659 3706 terra
1676 3639 1767 3702 eliam
1783 3640 1838 3702 tcl-

104 3725 170 3788 Sed
188 3724 288 3788 dices.
304 3726 385 3802 Quid
400 3728 426 3790 si
438 3727 551 3804 aliquis
567 3734 652 3806 putot
676 3746 710 3791 se
727 3745 820 3808 posse
834 3731 931 3794 canti·
975 3733 1065 3794 lenda
1080 3736 1201 3800 essent*
1213 3729 1282 3808 quia
1299 3727 1346 3790 eis
1357 3725 1481 3804 cuidam
1497 3723 1674 3796 abutuntur,
1692 3727 1836 3802 putantes

61 3823 142 3870 nere
159 3815 192 3870 et
203 3814 310 3886 postea
326 3813 546 3889 experiaturse
561 3827 623 3874 non
639 3813 872 3893 pussenanodc
884 3829 930 3876 cr·
975 3831 1046 3875 csse
1063 3815 1152 3890 bean
1166 3827 1287 3874 necnon
1302 3810 1469 3888 decalogus
1499 3806 1655 3868 tollendus
1685 3811 1788 3880 esset,
1807 3811 1839 3868 et

61 3891 158 3952 dines
175 3891 313 3969 accepit?
744 3925 747 3934 =
974 3899 1075 3958 cronia
1098 3892 1373 3971 sacramentarium
1389 3891 1479 3953 etiam
1494 3889 1540 3951 eis
1552 3888 1640 3951 mulli
1655 3887 1835 3951 abutuntur.

101 3973 310 4052 Respondeat
327 3973 403 4038 Illas
418 3974 533 4036 babere
554 3975 670 4038 donum
695 3977 904 4042 continentiae
921 4023 929 4048 ,
975 3979 1017 4040 lta
1031 3981 1197 4057 respondet
1213 3977 1379 4056 Gregorius
1396 3973 1597 4034 nazianzenus
1614 3975 1690 4035 orat.
1706 3969 1738 4031 in
1753 3970 1838 4032 Basi-

60 4056 115 4134 qui
133 4057 245 4118 volunt
262 4103 270 4128 ‚
287 4064 317 4121 el
332 4059 461 4137 cupiunt
474 4057 657 4122 confluere:
687 4059 800 4138 quibus
828 4066 930 4122 cutem
974 4062 1049 4125 liam
1071 4077 1133 4126 nnn
1148 4061 1257 4143 procul
1274 4077 1289 4121 c
1304 4056 1469 4139 principio,
1488 4055 1550 4138 illis
1575 4053 1627 4140 qui
1654 4060 1838 4114 execrantur

58 4136 149 4200 beas
163 4138 252 4200 dedit
265 4141 358 4215 nelle,
374 4141 459 4202 dabit
473 4139 562 4202 etiarn
576 4141 727 4221 perlicere
752 4143 779 4204 sl
805 4142 865 4220 ipsi
880 4158 930 4205 ro·
974 4145 1201 4224 philosophiam
1213 4141 1392 4214 naturalem,
1407 4145 1439 4202 et
1450 4136 1561 4215 scripta
1577 4134 1749 4216 gentilium,
1766 4151 1837 4215 prn-

59 4219 133 4282 liat.
151 4219 289 4284 Proinde
305 4239 396 4286 noma
410 4229 512 4300 potest
532 4225 636 4286 dicero
661 4238 697 4286 se
724 4241 785 4287 non
816 4225 930 4288 babere
974 4235 1079 4307 pterea
1095 4230 1175 4306 quad
1194 4227 1318 4306 quidam
1334 4223 1381 4286 eis
1397 4222 1574 4284 abutantur.
1590 4219 1652 4285 lieo
1666 4224 1769 4280 tamen
1785 4219 1837 4278 cd·

59 4305 198 4378 dunum,
215 4305 297 4380 pund
314 4322 349 4369 so
363 4305 478 4373 nabere
493 4308 710 4385 patnbn13oam
725 4307 777 4370 illc
791 4309 931 4370 noluntas
976 4311 1122 4372 mittimus
1137 4317 1181 4372 tat
1195 4323 1266 4372 esse
1282 4303 1519 4370 concubinarios
1534 4347 1542 4373 ‚
1559 4307 1590 4362 et
1604 4303 1744 4379 irnporcs
1757 4299 1839 4363 inter

58 4385 251 4448 continendi
264 4395 390 4468 propter
403 4388 499 4452 Deum
515 4395 563 4452 est
577 4391 678 4468 ipsam
694 4391 809 4453 dunum
834 4395 931 4453 conti·
975 4395 1214 4455 ecclesiasticos.
1232 4395 1304 4470 pact
1319 4385 1464 4450 baeretici
1480 4385 1598 4454 dicunt,
1614 4385 1665 4462 qni
1682 4399 1790 4444 ornnes
1806 4401 1839 4446 c·

57 4467 267 4530 acerbolo
283 4472 382 4544 baec,
409 4485 511 4534 nonne
537 4471 627 4534 etiarn
650 4473 806 4554 conjugati
835 4489 930 4554 saepo
975 4477 1033 4538 lios
1049 4493 1085 4538 er
1100 4491 1134 4538 se
1151 4475 1322 4537 molientes,
1333 4470 1435 4531 nullos
1449 4473 1637 4547 putantesse
1650 4465 1838 4528 castoscer·

58 4556 226 4628 eoguntur
239 4596 247 4625 ‚
262 4554 309 4616 rol
333 4558 458 4633 propter
473 4554 654 4631 absentiam,
670 4557 717 4618 rel
741 4563 866 4636 propter
881 4575 929 4619 ce·
975 4565 1005 4620 te
1021 4559 1143 4635 plurimi
1160 4563 1232 4618 suut
1246 4555 1297 4632 oni
1314 4552 1451 4634 qnotidie
1473 4550 1632 4612 celebrent
1646 4595 1654 4624 ,
1670 4555 1701 4611 el
1716 4550 1754 4610 de
1770 4551 1837 4626 nal·

57 4632 258 4710 gritodlnem
273 4637 483 4716 longissimam
501 4638 656 4718 coniugis.
672 4637 826 4702 abstinere
842 4641 930 4702 seab
974 4642 1034 4703 bas
1049 4643 1130 4702 nulla
1148 4638 1374 4714 matresuspicic
1386 4635 1520 4698 auditor.

58 4717 227 4778 uxoratur
239 4724 337 4788 muron
352 4733 413 4780 nun
425 4711 928 4796 liceteis-aliamurcrern'duoere‚
999 4725 1225 4784 ·Praetarlraeo
1242 4717 1416 4798 argumenta
1439 4714 1691 4795 respondendam
1719 4711 1840 4772 ridetur

58 4799 495 4875 quantumrisurantarcesta
506 4803 744 4881 libidinis.Qood
755 4807 929 4886 exemplum
975 4807 1064 4867 etlam
1080 4803 1290 4884 caerimoniae
1303 4800 1444 4878 Plrilippi:
1462 4798 1554 4872 Olim,
1573 4797 1682 4875 innuit,
1696 4807 1837 4856 conones

57 4879 157 4942 alieri
173 4881 205 4942 d.
222 4883 554 4962 augustiniensem
567 4887 746 4949 adulterinis
762 4885 929 4967 conjugiis,
974 4888 1216 4967 impendebam
1229 4883 1422 4958 scandatur,
1439 4883 1497 4962 qni
1510 4895 1633 4944 rumores
1650 4875 1833 4950 demissent,

56 4981 87 5024 c.
108 4964 167 5024 lii.
185 4970 216 5024 ot
227 4963 279 5028 20.
296 4972 400 5028 contro
417 4971 536 5048 eos‚qui
551 4977 653 5031 contra
668 4975 718 5045 jus
733 4983 858 5030 uxorem
875 4971 929 5032 da·
974 4971 1015 5033 cb
1031 4971 1217 5050 cilicinum
1233 4961 1611 5042 conmmapencitis‘cb
1629 4957 1813 5022 arboribus.

57 5051 140 5108 runt
158 5053 382 5125 capreolorum,
399 5051 480 5126 quod
494 5053 651 5114 continere
667 5067 728 5113 can
744 5051 875 5128 possint.
1016 5054 1200 5128 Respondcc
1212 5053 1242 5114 in
1255 5051 1373 5130 primis:
1391 5047 1468 5109 ilinc
1493 5046 1584 5125 sequi
1612 5043 1791 5112 bulborum,
1809 5047 1839 5103 el

100 5129 212 5204 Adde,
231 5130 313 5209 quud
330 5140 493 5206 nemausi,
509 5135 562 5213 qui
577 5136 737 5197 continere
753 5147 814 5192 non
832 5134 930 5209 possit
974 5136 1052 5197 alios
1066 5138 1116 5211 aui
1133 5141 1203 5212 post
1226 5131 1432 5196 sacerdotium
1460 5143 1572 5190 arares
1594 5126 1745 5188 duxerunt
1761 5170 1770 5198 ‚
1786 5139 1837 5185 su·

57 5211 87 5274 si
107 5211 200 5284 relit,
219 5221 252 5274 ut
266 5213 379 5276 docent
394 5214 508 5289 Patres,
525 5216 731 5278 'tertullianus
757 5214 788 5273 in
801 5213 862 5274 line
872 5215 928 5278 lib.
975 5233 1107 5296 sponsos
1121 5217 1216 5278 luisse
1232 5217 1269 5278 cb
1285 5213 1437 5277 cilicineo
1457 5208 1608 5272 sententia
1636 5213 1772 5271 aeterum
1788 5223 1837 5269 aa·

60 5295 104 5355 do
124 5296 341 5372 monogamia,
358 5296 563 5358 Nazianzenus
587 5305 662 5358 crat.
680 5297 730 5358 sl.
745 5294 876 5356 Basilius
891 5299 930 5358 do
974 5315 1103 5372 nonam,
1119 5307 1150 5362 et
1163 5299 1234 5362 iden
1250 5313 1319 5360 cum
1335 5293 1436 5357 cilicio
1461 5293 1544 5372 iungi
1560 5290 1715 5354 voluerint
1743 5296 1773 5352 et
1795 5295 1836 5350 ta·

56 5376 266 5457 virgimoltra
281 5379 714 5458 mediumdbryscstcmaset
729 5375 931 5456 Hieronymus
976 5383 1209 5461 monoculages
1229 5380 1388 5452 reticere,
1418 5375 1554 5438 rebelles
1582 5380 1612 5435 el
1637 5380 1836 5437 contumaces

56 5459 89 5520 ιιι
108 5475 188 5538 cap.
207 5458 258 5521 iil.
275 5453 379 5524 barri.
392 5469 424 5524 et
438 5462 626 5540 Augustinus
642 5461 696 5521 lib.
709 5458 740 5520 i.
753 5456 888 5519 oontess.
902 5477 929 5522 c.
976 5465 1072 5526 luisse
1087 5469 1233 5526 adversus
1246 5459 1428 5526 Ecclesiam,
1458 5473 1493 5518 co
1518 5456 1647 5536 proinde
1675 5455 1784 5518 marita
1800 5456 1838 5515 ab
1926 5464 1929 5473 ·

60 5541 116 5605 il.
135 5541 203 5604 Sed
218 5550 341 5621 oportet
352 5546 486 5606 remedia
501 5540 672 5604 necessaria
687 5557 746 5601 nan
760 5537 929 5616 negligere,
977 5546 1136 5609 arboribus
1152 5541 1303 5623 suspendi
1318 5540 1548 5621 potuissetltcc
1561 5545 1729 5618 practerea:
1742 5535 1837 5598 Canc-

56 5641 145 5704 quue
167 5625 225 5686 tria
238 5631 323 5702 sucu
348 5627 483 5708 aratia„
492 5623 645 5704 jejunium
668 5631 698 5684 et
727 5618 931 5700 periculorum
977 5645 1034 5690 nes
1050 5625 1161 5690 sotoris
1176 5626 1345 5692 acclesiae,
1359 5623 1436 5688 alios
1451 5623 1600 5696 mitiores,
1613 5623 1689 5684 alios
1702 5621 1835 5684 seuerio-

55 5708 210 5770 etilalio·
227 5706 300 5770 Nttlt
316 5711 443 5772 tentatio
455 5706 557 5770 acinis
579 5704 626 5766 tel
642 5703 737 5764 θιιιιιι
757 5717 793 5762 tl
822 5715 932 5781 supge.
977 5709 1237 5788 resinisse31lum
1254 5707 1417 5772 concilium
1440 5707 1694 5770 neocaesariense
1724 5719 1833 5766 rantra.
