4056 6302
832 379 929 442 blm
946 379 1071 442 esibus
1722 387 1755 446 b'l

63 513 234 596 ephesino,¹
248 511 443 580 mendacium
456 515 517 579 est.
532 513 645 580 Scribit
658 513 741 579 enlm
760 512 922 581 Liberatus
1007 514 1329 582 octaromeonoilium
1341 521 1387 581 est
1399 517 1759 600 consentinopolttanam
1771 522 1822 587 lv.

62 600 93 661 io
105 597 256 662 brerhrio
271 597 404 675 caprili.
420 597 550 678 Legatos
570 599 687 661 romani
698 597 853 678 pontilicis
867 611 922 662 uc·
967 600 999 662 in
1012 613 1079 678 quo
1091 596 1181 662 otiam
1209 601 1277 662 sine
1302 603 1507 668 controversia
1530 603 1622 683 legati
1641 603 1766 668 Adriani
1780 605 1823 668 ll.

61 682 159 744 luisse
170 682 203 743 in
217 681 350 744 concilio
362 681 484 754 sedere,
497 697 567 744 cum
581 681 730 746 uidissent
743 679 922 761 praesidere
966 679 1199 762 praesederunt.
1215 682 1359 746 ridelicet
1372 683 1508 748 Donatus
1530 685 1745 766 etStephanus
1761 689 1825 764 epi-

62 764 257 840 blascorum,
271 769 302 824 et
322 778 385 826 non
409 763 509 826 datam
534 769 662 829 sanctae
689 763 757 828 sedl
779 777 925 826 romanae
967 764 1066 842 scopi,
1082 767 1112 826 et
1126 761 1260 826 Marinus
1274 765 1433 840 diaconus,
1450 767 1501 846 qui
1517 765 1605 846 primi
1617 767 1824 846 nominantur,

61 845 323 926 praesessiooem.
339 845 431 909 Porro
444 845 625 910 blascorum
640 843 924 910 'extorsissecootru
968 853 999 910 et
1013 844 1223 910 subscribunt.
1244 853 1275 908 et
1288 847 1321 910 in
1345 847 1413 926 ipsa
1434 849 1529 926 prima
1544 848 1665 913 actione
1692 853 1788 930 rogati
1810 869 1827 914 a

61 931 108 992 las
122 930 161 992 ab
177 929 360 1006 imperatore
375 927 609 1006 praesidentiam
622 928 858 1002 iliam‚scalbuot
869 925 923 990 Zo·
968 929 1112 1002 concilio,
1122 935 1161 990 'ut
1176 929 1374 992 ostenderent
1388 931 1490 994 literas
1509 947 1617 1011 pupae,
1645 930 1758 1012 quibus
1773 933 1827 995 da·

62 1028 154 1074 naras
167 1011 201 1072 in
215 1010 273 1074 rita
289 1010 464 1074 theodosii.
481 1016 513 1073 et
524 1011 671 1091 boagrius
686 1011 774 1074 lib.l.
788 1028 856 1089 cap.
871 1008 922 1074 lb.
967 1017 1051 1074 retur
1065 1011 1111 1074 eis
1127 1011 1340 1089 praesidentia,
1354 1029 1423 1075 rnox
1437 1014 1640 1077 exhibuerunt
1663 1014 1767 1077 literas
1788 1015 1827 1077 A·

60 1094 148 1156 liudo
160 1096 253 1156 etlam
268 1092 331 1156 beo
345 1093 435 1171 epist.
452 1093 572 1156 abab.
600 1102 631 1157 ot
644 1095 695 1157 26.
722 1095 761 1156 ad
784 1093 924 1155 Theodo·
968 1095 1078 1158 drianl.
1091 1092 1253 1170 lienique,
1269 1095 1308 1155 od
1322 1093 1414 1156 baem
1442 1096 1567 1158 concilii
1591 1097 1635 1158 ito
1659 1096 1828 1159 subscribit

61 1179 143 1240 sium
158 1176 402 1244 etlulob'erlam,
416 1176 593 1254 trequentes
607 1177 728 1257 repetit,
745 1177 924 1238 dioscorum
967 1177 1095 1256 primos:
1121 1176 1189 1254 ispo
1213 1175 1357 1239 mettas
1370 1177 1429 1260 lici
1448 1179 1556 1255 pretio
1581 1179 1748 1258 episcopos
1771 1180 1831 1242 bo·

62 1258 924 1340 ineasynodosibivendicasseprincipatumllbietiam
967 1260 1107 1328 eliensis,
1123 1258 1391 1324 recompensans
1407 1261 1534 1323 domini
1552 1263 1618 1323 mei
1637 1259 1830 1325 Amicitiae·
1873 1255 1881 1268 '

63 1349 202 1417 testator,
218 1341 395 1403 Florianum
420 1339 927 1419 episcopumconstantinopolita·
968 1341 1138 1406 cicerculis
1148 1357 1268 1422 popae,
1278 1342 1354 1404 locrio
1363 1348 1496 1405 sanctae
1507 1347 1536 1406 et
1545 1344 1724 1407 uniuersali
1734 1361 1830 1424 spno·

64 1441 139 1488 uum
154 1425 329 1506 appellasse
343 1441 360 1484 a
373 1425 505 1488 coneilio
526 1423 581 1487 illo
602 1426 640 1488 ad
665 1426 862 1503 apostolicam
877 1437 928 1486 se·
970 1425 1225 1504 doproosictene,
1241 1425 1363 1498 omnim
1376 1427 1625 1506 quoearepcritts
1654 1419 1847 1507 legentur,

63 1509 146 1582 dem,
164 1513 195 1569 et
222 1506 362 1568 libellum
385 1507 599 1585 appellationis
626 1507 791 1570 tradidisse
816 1505 925 1586 legatis
965 1505 1183 1588 promutpoard
1197 1511 1340 1570 otranno
1358 1507 1495 1586 proprio
1516 1506 1713 1588 subscripsit
1728 1509 1830 1590 Impe-

63 1589 375 1665 romanis:Quomodo
389 1604 463 1669 ergo
474 1604 537 1653 nou
548 1592 675 1654 auderet
688 1590 749 1652 Leo
760 1590 791 1650 in
804 1603 841 1651 eo
853 1604 926 1650 ocu·
969 1597 1048 1653 rator
1059 1596 1161 1652 autem
1174 1589 1304 1652 Basilius
1314 1591 1413 1651 adluit
1422 1590 1619 1670 quidemsed
1634 1592 1666 1652 in
1681 1591 1742 1654 line
1754 1607 1828 1655 oon·

64 1673 136 1734 ollio
151 1672 388 1751 praesidentiam
406 1677 552 1749 peterem
567 1689 628 1750 quo
643 1673 682 1736 ad
711 1687 768 1748 se,
784 1677 928 1748 braquam
970 1673 1033 1735 oilli
1047 1677 1152 1752 aperte
1176 1677 1302 1734 testatus
1318 1677 1365 1734 est
1381 1673 1472 1752 longa
1500 1672 1650 1748 oratione,
1678 1689 1741 1736 non
1757 1689 1830 1737 esso

65 1755 102 1818 ad
114 1755 275 1834 majorem,
292 1754 517 1832 appellabatur?
531 1755 649 1819 bebrua
666 1801 674 1829 ‚
695 1755 777 1834 quod
802 1754 862 1815 beo
874 1767 928 1831 pe·
970 1759 1072 1825 suum,
1089 1770 1147 1817 nec
1161 1755 1253 1817 ullius
1269 1753 1401 1817 hominis
1416 1754 1507 1830 laioi,
1524 1755 1655 1817 miscere
1681 1771 1715 1818 se
1732 1757 1832 1819 ecclc·

66 1838 146 1899 tlerlt
161 1838 199 1898 ab
215 1835 411 1915 imperatore,
425 1844 457 1903 ut
471 1838 519 1901 sui
541 1838 630 1917 legati
644 1838 925 1917 praeesseotinsy·
971 1835 1252 1906 siastioisr'odiolis.
1283 1835 1319 1897 tit
1340 1838 1468 1899 tandem
1494 1836 1776 1918 subscripsit-post
1798 1855 1830 1901 o·

66 1921 148 1981 uodo
163 1919 416 1990 chalcedonensi,
433 1925 464 1980 et
475 1921 557 1998 quod
572 1924 739 2000 imperator
759 1919 788 1980 id
802 1933 928 1980 conces·
971 1937 1062 1987 mnes
1075 1918 1263 1997 patriarchas
1280 1935 1341 1980 non
1353 1919 1505 1982 deliniens
1520 1966 1528 1994 ,
1544 1921 1601 1981 sod
1627 1921 1803 1998 suscipiens
1821 1965 1830 1994 ,

66 2003 143 2064 serit
157 2002 280 2064 delectu
297 2017 497 2081 personarum
524 2002 742 2074 orientalium,
766 2000 929 2064 mendacia
972 2002 1225 2072 etcousentleas,
1237 2001 1391 2080 praelatos
1405 2002 1495 2065 etiam
1517 2007 1605 2064 antea
1634 2017 1669 2064 se
1684 2000 1832 2066 debuisse

67 2084 336 2164 impudentissima
351 2091 434 2162 soot;
456 2084 535 2148 nihil
559 2086 642 2147 enirn
658 2085 716 2146 tale
731 2084 770 2147 ab
785 2083 847 2146 ullo
859 2097 927 2144 nar·
971 2085 1169 2149 subscribere
1184 2091 1254 2161 post
1282 2099 1390 2146 omnes
1415 2085 1579 2163 episcopos
1596 2129 1604 2158 ,
1620 2089 1667 2146 'ut
1691 2084 1764 2147 olim
1788 2085 1834 2147 le·

65 2175 122 2230 rat.
137 2167 236 2229 Immo
250 2166 389 2229 ridemus
411 2168 546 2229 leonem
566 2169 685 2248 legatos
699 2166 822 2229 misisse
838 2164 926 2226 obso-
973 2172 1082 2232 cerunt
1103 2159 1352 2241 'Constantinus,
1376 2167 1567 2229 Theodosius
1590 2171 1621 2228 et
1647 2165 1832 2244 llartianos3

67 2252 144 2326 lute,
157 2257 190 2311 ut
204 2249 429 2329 praesiderent,
443 2251 558 2313 nullius
583 2249 860 2329 consensupetito,
875 2263 928 2310 oo·
972 2257 1074 2314 tamen
1102 2265 1137 2312 se
1162 2249 1385 2326 subscripsisse
1411 2249 1587 2312 immediate
1611 2255 1681 2325 post
1707 2251 1836 2326 patriar·

67 2333 141 2396 duro
156 2335 245 2394 recia
256 2333 305 2395 rel
322 2333 538 2410 permissione.
973 2337 1058 2406 ohas,
1074 2333 1145 2411 qula
1160 2332 1210 2394 tali
1226 2347 1296 2395 eum
1311 2334 1428 2395 bonore
1439 2331 1578 2412 episcopi
1593 2329 1713 2410 allicere
1728 2331 1834 2394 roluc-

109 2410 930 2494 QulntumconcillumluitcoustantinopolilnnomII.
973 2421 1055 2479 runt.
1130 2447 1132 2452 .
1440 2423 1444 2430 ’
1525 2437 1527 2444 ’
1579 2439 1582 2446 ’
1744 2437 1755 2450 ,

67 2499 100 2560 in
116 2513 154 2560 eo
167 2497 324 2575 praesedit
334 2511 394 2560 non
409 2499 515 2560 henas
534 2496 547 2578 (
563 2505 596 2560 ut
623 2498 700 2560 lclso
723 2496 863 2560 Calvinus
876 2496 930 2558 do·
1015 2498 1047 2561 Si
1062 2511 1136 2576 ergo
1151 2495 1200 2558 hls
1215 2495 1362 2560 addamus
1376 2495 1494 2576 reliqua
1508 2495 1665 2576 generalla
1679 2496 1810 2559 concilia
1825 2543 1834 2572 ,

66 2581 143 2657 cet),
156 2579 323 2643 concillum
338 2581 419 2642 enim
440 2598 461 2641 o·
472 2581 559 2642 blena
581 2581 786 2652 celebratum,
802 2593 867 2640 non
878 2593 931 2656 ge·
974 2581 1005 2644 in
1021 2580 1133 2661 qulbus
1149 2579 1293 2641 omnibus
1308 2583 1378 2642 siue
1401 2579 1606 2642 controversia
1634 2577 1771 2656 pontilerr
1784 2595 1836 2642 ro*

66 2664 186 2736 nerale,
199 2663 255 2724 sed
267 2662 448 2741 particulare
462 2664 529 2740 luit,
542 2669 576 2726 ut
599 2679 688 2743 supra
715 2657 931 2726 demonstrari·
974 2679 1084 2726 manus
1095 2661 1259 2740 praesedit,
1274 2661 1457 2724 habebimus
1472 2677 1510 2724 err
1520 2660 1664 2736 continua
1676 2660 1835 2724 lioclesioe

66 2761 150 2822 mos3
167 2745 224 2808 sed
240 2744 419 2825 liutpobius,
435 2746 541 2809 bleuae
561 2761 736 2819 successor,
765 2743 817 2822 qui
830 2749 931 2806 umen
975 2739 1208 2814 cousuetudine,
1222 2743 1343 2823 proprie
1356 2745 1394 2805 ad
1409 2741 1567 2806 romanum
1579 2742 1755 2821 pontillcem
1766 2757 1836 2822 por·

68 2830 203 2908 agnouit,
220 2835 252 2890 et
264 2827 424 2907 professos
452 2835 511 2903 est,
538 2829 774 2906 praesidentiam
798 2825 932 2889 debitam
974 2829 1073 2891 tinere
1088 2842 1199 2889 munos
1213 2826 1247 2888 in
1257 2825 1397 2888 conciliis
1412 2825 1608 2905 generalibus
1623 2826 1832 2903 praesidendi.

67 2911 168 2973 luisse
183 2911 309 2974 romabo
324 2910 473 2988 pontilici,
489 2912 516 2974 si
531 2912 722 2974 islnteresse
737 2907 868 2972 concilio
882 2924 934 2970 ro·
974 2914 1018 2976 lie
1030 2909 1253 2988 caeterisquae
1264 2908 1302 2971 ad
1313 2908 1441 2972 termam
1453 2907 1832 2988 pertineotccnciborum,

68 2994 193 3056 luisset
209 2991 296 3055 Unde
306 2993 438 3057 Zonaras
450 2995 482 3057 i'n
495 2995 557 3058 rita
567 2993 710 3058 lectiani:
723 2991 789 3056 Sub
803 2991 873 3064 ltoc,
885 2991 933 3052 in·
975 2999 1009 3057 ut
1023 2995 1062 3056 de
1084 2991 1202 3062 ordine,
1226 3006 1287 3070 quo
1302 2991 1413 3054 caeteri
1429 2991 1539 3054 sedere
1553 2989 1678 3064 debeat,
1692 2989 1731 3052 de
1744 2990 1837 3052 resti·

68 3075 149 3154 quit,
166 3077 320 3156 parictem
332 3076 508 3140 concilium
529 3083 574 3140 est
588 3083 736 3141 cocetum
749 3077 933 3138 oentcmee·
974 3078 1034 3141 bus
1049 3076 1263 3154 episeopomm
1275 3072 1306 3135 in
1321 3073 1452 3155 synodo;
1467 3075 1507 3136 de
1520 3073 1612 3135 modo
1625 3071 1811 3150 procedendi
1826 3117 1835 3148 ,

68 3159 214 3236 mepintc
224 3160 372 3239 quinque
382 3160 616 3240 episcoporum,
630 3175 770 3240 pourton
781 3158 932 3236 princepe
975 3166 1035 3224 otc.
1050 3158 1119 3221 ride
1133 3155 1282 3218 loannem
1297 3156 1336 3218 do
1351 3157 1578 3218 turrecremata
1595 3153 1649 3216 libr
1664 3155 1694 3216 3.
1710 3154 1833 3232 capati.

67 3241 133 3318 luit
152 3241 286 3319 Vipilc‘us
304 3257 396 3321 popo
412 3257 581 3305 romnus.
608 3243 645 3306 lit
671 3239 750 3320 ipse·
764 3238 932 3318 Eutpolrios
977 3250 1008 3306 et
1022 3241 1074 3303 2'l.
1091 3245 1122 3300 et
1135 3240 1299 3300 concilium
1317 3241 1482 3300 toletanum
1508 3238 1559 3300 lv.
1575 3253 1644 3317 cap.
1675 3237 1706 3298 3.
1733 3237 1839 3298 toleta·

68 3325 245 3402 patriarcha
265 3325 296 3386 in
312 3326 442 3403 epistola
454 3326 491 3388 ad
506 3325 743 3404 vigiliumquae
758 3321 886 3384 habetur
900 3320 932 3382 ln
976 3341 1050 3388 aum
1065 3322 1119 3384 Xl.
1136 3339 1202 3399 cap.
1221 3322 1250 3383 l.
1267 3327 1297 3382 et
1317 3321 1448 3384 initium·
1467 3319 1668 3384 conciliorum
1694 3323 1838 3383 constan·

69 3406 134 3468 bne
149 3407 268 3484 primae
282 3406 454 3470 collationis
476 3408 599 3486 quinus
621 3408 748 3488 synodi3
767 3405 907 3466 Petimus
923 3450 931 3475 .
977 3407 1088 3481 ticosis
1103 3409 1133 3466 et
1147 3403 1344 3466 basileensis

70 3489 184 3566 inquit,
199 3490 406 3567 praesidente
425 3490 519 3553 nohis
542 3494 651 3556 oestro
668 3486 877 3553 »beatitudine
893 3487 933 3549 de
1290 3527 1292 3530 -

70 3569 340 3652 tribuscapittrlis
354 3574 471 3651 pecori
497 3578 526 3638 et
547 3573 699 3652 conferri.
728 3571 813 3648 Quae
840 3568 931 3630 rerba

71 3654 265 3731 patriarchae
279 3653 419 3734 Eutychii
432 3667 493 3716 oon
509 3657 608 3718 solum
620 3653 811 3730 mendacium
823 3649 938 3714 (lairini
1186 3651 1190 3661 “
1310 3648 1429 3712 eatur
1449 3650 1515 3712 xx.
1617 3671 1620 3686 ·
1656 3666 1660 3674 ·

69 3736 232 3810 relellout,
249 3737 301 3816 qul
316 3737 441 3816 scripsit
454 3737 573 3800 Menam
596 3739 628 3800 ln
643 3753 681 3799 eo
703 3731 837 3800 coneilio
850 3749 937 3812 prae·

71 3819 210 3894 sedisse,
229 3819 285 3893 sed
300 3820 391 3880 etiam
402 3821 532 3883 alterum
546 3820 672 3901 Illyrici,
700 3818 751 3898 qui
767 3816 890 3880 (lentur.
906 3815 937 3877 b.
1322 3850 1324 3858 =
1366 3837 1382 3862 ¹·

70 3918 142 3981 cap.
160 3901 193 3963 o.
216 3901 330 3963 eolnrn.
346 3901 419 3969 soe.
437 3906 579 3980 assernit,
602 3901 746 3981 vigilium
761 3915 868 3980 papum
885 3915 945 3960 no·.
1078 3899 1254 3962 Solvuntur·
1268 3904 1461 3977 orpernooto
1475 3897 1764 3961 udrosos-torem:

68 3985 171 4046 luisse
186 3983 305 4064 synodo
320 3987 525 4060 interessem
539 3991 698 4072 cogeretur
712 3980 938 4046 secundusllu·
1160 4007 1162 4012 ·
1318 3997 1327 4004 “
1520 4007 1524 4014 ·

70 4066 177 4146 tychio
193 4066 344 4129 assidere.
358 4068 393 4130 br
408 4067 460 4148 qui
475 4070 534 4131 boc
546 4071 653 4132 timere
675 4069 855 4145 poeniteam
870 4065 937 4143 ipsc
1318 4091 1322 4104 ·
1645 4083 1674 4098 ·‘
1736 4094 1741 4104 ν

70 4147 242 4219 Eutychios
253 4149 490 4226 praesidentiam
500 4151 546 4214 illi
561 4148 699 4213 oberret?
1026 4149 1209 4228 Argumenta
1223 4143 1340 4209 dalrini
1356 4152 1519 4225 sumuntur
1543 4143 1655 4223 apraxi
1670 4139 1843 4227 Ecclesiae.

114 4229 245 4294 Sestum
257 4232 421 4295 concilium
436 4234 492 4295 luit
504 4231 867 4311 constantinopolitanum
883 4228 936 4294 ΙΙΙ.
986 4231 1129 4308 Proponit
1145 4229 1226 4291 enim
1242 4229 1378 4309 quinque
1394 4229 1583 4301 conciliabo
1613 4225 1727 4305 quihus
1742 4225 1843 4303 ponti·

74 4313 107 4374 iu
123 4328 162 4375 eo
183 4313 343 4391 praesides
367 4315 492 4378 luerunt
515 4315 609 4396 legati
632 4315 796 4394 bgcthonis
820 4313 937 4374 romani
984 4317 1033 4378 iex
1047 4328 1191 4376 romanus
1207 4329 1266 4374 non
1285 4313 1424 4391 praefuit.
1439 4308 1777 4378 Videlicet-nicaenum,
1793 4305 1846 4370 cul

72 4395 246 4475 pontilicis,
259 4395 368 4459 Petrus
382 4405 414 4462 et
428 4399 578 4478 Georgius
591 4397 774 4478 presbytcri,
801 4413 836 4460 ac
849 4393 938 4456 loan-
984 4394 1113 4478 praeloit
1133 4395 1327 4472 Athanasium
1344 4396 1488 4472 Quintum
1502 4391 1646 4472 generale
1661 4437 1668 4462 ‚
1691 4390 1747 4458 oui
1757 4398 1844 4482 prae·-

72 4493 133 4540 oes
149 4478 348 4541 diacoposin
362 4481 443 4543 enim
459 4480 586 4544 affirmat
599 4481 731 4544 Zonaras
746 4480 778 4542 ln
791 4481 848 4542 rita
862 4477 938 4541 Con·
984 4481 1038 4542 ioit
1051 4480 1167 4552 blenas3
1183 4478 1365 4555 ephesinum
1381 4473 1616 4543 secundumcul
1629 4473 1759 4550 proeloit
1773 4471 1843 4532 liro·

73 4561 203 4623 stantlni
219 4561 485 4641 lvsetpraeterec
503 4581 540 4626 er
553 4567 618 4642 ipsa
633 4563 751 4644 synodo
776 4566 870 4642 patei.
886 4559 939 4622 ubi
984 4577 1102 4635 socrus3
1119 4559 1351 4638 carthaginense
1367 4568 1497 4633 sextum,
1526 4558 1575 4620 cui
1600 4555 1730 4633 praetuli
1750 4554 1847 4646 lure·

70 4645 104 4706 in
117 4643 256 4722 singulis
270 4645 442 4708 actionibus
458 4648 507 4708 isti
521 4647 610 4727 primi
628 4647 761 4711 omnium
780 4643 953 4706 nominem.
982 4648 1058 4718 lius,
1082 4644 1172 4704 eliam
1195 4645 1220 4702 sl
1243 4643 1388 4705 adessent
1409 4641 1500 4721 legati
1523 4639 1689 4718 porrlillois3
1709 4642 1845 4715 elaqurs

70 4733 134 4800 tur,
154 4727 334 4805 loquuntur,
350 4729 560 4792 subscribunt.
576 4729 717 4792 lnterlolt
730 4729 760 4790 io
777 4729 833 4788 hac
848 4741 938 4803 syno-
985 4727 1113 4808 lejense,
1137 4724 1186 4786 cni
1209 4740 1269 4786 non
1292 4725 1453 4798 Damasus,
1483 4725 1538 4786 secl
1561 4719 1841 4798 ambrosiospmo-

71 4811 112 4872 do
125 4809 222 4870 ellam
235 4809 401 4889 imperator
416 4811 654 4885 Constantinus,
684 4827 755 4872 oum
781 4808 939 4872 nonnullis
965 4827 967 4832 ·
984 4811 1075 4875 sedit.
1092 4807 1151 4870 Sed
1168 4805 1204 4867 ad
1218 4808 1316 4885 priora
1328 4808 1384 4870 tria
1397 4809 1460 4887 jam
1476 4810 1524 4868 ost
1536 4817 1734 4894 responsum,
1752 4883 1757 4894 ·

71 4892 151 4954 viris
164 4891 349 4966 illustribus,
363 4901 393 4956 et
408 4896 573 4971 praesedit,
587 4895 678 4966 idest,
695 4892 792 4972 primo
808 4894 938 4955 iocose·
999 4947 1000 4952 ,
1025 4893 1067 4953 la
1083 4894 1221 4968 quartum
1244 4891 1324 4962 dieo,
1338 4891 1437 4953 solum
1453 4889 1485 4950 in
1500 4887 1634 4966 generali
1649 4884 1779 4947 ooucrlro
1793 4882 1847 4945 de·

71 4976 129 5046 dit,
148 4973 207 5038 sed
224 4990 284 5036 oon
299 4974 356 5038 luit
370 4976 432 5039 ullo
448 4978 537 5040 modo
551 4978 646 5056 juder
662 5021 671 5052 ,
698 4983 749 5038 snt
765 4973 940 5038 -lormallter
983 4977 1058 5046 here
1074 4972 1250 5034 necessario
1265 4988 1423 5034 romanum
1446 4971 1621 5050 pontilioem
1648 4966 1850 5059 praesidere;

72 5071 221 5136 praesse,
249 5071 319 5118 oarn
335 5059 453 5120 nollarn
466 5059 648 5123 sententiam
663 5059 753 5131 tulit,
770 5063 800 5122 et
814 5056 940 5118 ultimus
985 5060 1016 5120 in
1031 5054 1268 5137 provinoiallbus
1290 5056 1398 5127 enirn,
1419 5056 1468 5117 rel
1495 5051 1717 5122 nationalibus,
1748 5048 1850 5142 qualia

71 5140 219 5202 omnium
245 5139 452 5220 subscripsit,
480 5157 543 5206 non
558 5141 711 5205 deliniens
739 5141 794 5204 sed
810 5154 939 5202 conseo·
986 5145 1059 5204 sunl
1073 5137 1173 5200 omnia
1188 5137 1459 5215 carthaginensis,
1486 5153 1548 5197 non
1573 5147 1721 5226 negamus
1742 5129 1852 5223 debora

69 5223 173 5285 tiens·
291 5291 294 5296 ,
778 5267 783 5277 ,
987 5213 1849 5302 praesidentiamarchiepiscopo,relprimatiepusloct.

113 5302 292 5380 Septimum
304 5306 468 5368 concilium
488 5311 535 5369 est
545 5307 709 5369 nicaenum
725 5306 766 5369 ΙΙ.
783 5307 812 5366 in
828 5320 889 5383 quc
901 5301 941 5364 si·
987 5307 1078 5369 Porro
1094 5303 1184 5381 legati
1201 5303 1314 5365 romani
1332 5300 1483 5382 pontilicis
1503 5314 1564 5361 non
1586 5297 1707 5360 luerunt
1721 5295 1757 5356 od
1773 5295 1851 5357 illud

70 5403 112 5450 nc
130 5388 345 5451 controversia
360 5389 520 5468 praesides
545 5390 666 5452 luerunt
688 5391 778 5465 legati
795 5399 891 5467 papae
903 5386 942 5448 Α·
987 5387 1150 5452 concilium
1163 5383 1262 5457 missi,
1278 5392 1310 5450 ut
1324 5385 1556 5464 praesiderent,
1579 5381 1636 5442 sed
1655 5385 1688 5441 ut
1701 5377 1852 5455 quaedam

71 5469 179 5532 oriani
192 5469 216 5530 l.
232 5469 340 5532 Petrus
362 5472 629 5552 archipresbyter,
660 5479 690 5536 ot
714 5474 821 5535 Petrus
849 5468 944 5532 abbas
988 5473 1153 5536 mactarent
1166 5481 1284 5533 carneo
1299 5466 1567 5532 concilionornlne
1588 5475 1730 5526 romanoe
1744 5459 1852 5522 Eccle-

70 5547 944 5636 sanotiSabae.lstienimpriminominonlur,et·priml
990 5555 1066 5628 siae.
1224 5567 1226 5576 ’
1329 5579 1332 5586 ’
1492 5581 1496 5590 «

73 5632 297 5698 subscribunt.
310 5635 477 5719 Imperator
489 5636 566 5700 nihil
580 5639 611 5699 in
628 5640 686 5702 hac
708 5635 944 5720 synodoegisse
1030 5637 1071 5702 ld
1094 5640 1234 5718 quintum
1248 5635 1329 5710 dico,
1346 5637 1556 5718 argumentum
1576 5627 1699 5692 coussori
1726 5643 1762 5689 er
1778 5625 1852 5718 duo·

76 5719 213 5800 legitur.
578 5771 581 5780 .
990 5718 1051 5782 hus
1071 5721 1242 5788 mendaciis
1271 5718 1410 5796 Galrini,
1441 5731 1519 5798 quac
1540 5719 1612 5778 sunt
1633 5717 1728 5788 rnajor
1748 5715 1779 5774 et
1799 5723 1854 5770 mt-

161 5816 331 5875 Bsrccotrrrr.
352 5817 413 5876 Vol.
429 5818 461 5876 tl.
515 5789 516 5792 Ἴ
1596 5810 1614 5864 ⁶
