4080 6306
284 411 336 478 aeq
969 397 1012 454 aa
1036 397 1208 458 uanaeuts

214 561 247 608 re
263 549 484 626 paupertatem:
501 534 526 602 s'i
542 535 725 607 seeundum,
738 537 845 612 peccat
859 533 963 594 centra
978 529 1070 594 tidem
1156 534 1333 614 Respondet
1354 536 1462 600 Petrus
1482 536 1593 618 Martyr
1607 534 1637 596 ia
1652 531 1709 596 lib.
1722 531 1761 594 de
1778 525 1855 594 rotis
1870 573 1880 622 3
1896 523 1979 588 nibil

214 635 245 692 et
260 618 449 702 charitatem3
466 628 570 684 cantra
586 621 697 690 fldem,
714 616 785 696 quie
801 630 881 677 unus
896 620 943 676 est
956 613 1070 677 mediu-
1114 617 1285 682 indebitum
1299 619 1410 683 iecisse
1422 615 1742 682 illicslonadubdam
1758 615 1880 674 etiamsi
1892 610 1979 672 licus

213 718 260 774 tar
273 709 328 774 lici
345 715 375 771 et
389 708 562 776 bominum,
578 699 631 782 qul
647 699 738 764 nobis
752 697 854 760 omniu
872 697 981 758 meruit
995 713 1004 774 ;
1020 695 1070 778 cui
1114 717 1174 762 non
1184 701 1321 781 jusserat
1336 703 1447 770 illisue
1462 719 1523 764 non
1537 701 1680 764 biberent
1691 699 1871 766 riaummec
1887 708 1976 754 sere·

211 792 283 860 iacit
296 787 507 872 injuriamqui
521 787 587 850 suis
601 783 734 865 propriis
748 780 894 859 operibus
909 779 1022 843 mareri
1035 794 1070 840 se
1114 791 1183 847 rent
1196 801 1298 863 agros,
1316 801 1374 847 nec
1389 786 1497 852 domos
1507 779 1860 860 inhabitarenejassarat
1871 781 1980 868 minen

211 875 384 952 arbitratum
400 879 505 935 cantra
520 867 698 930 charitatem
713 870 832 930 aulem.
850 862 922 940 quia
937 861 1070 923 charitas
1113 874 1147 929 ut
1161 867 1278 946 parenti
1306 867 1479 940 obedirent,
1502 884 1539 930 uc
1559 866 1688 947 proinde
1706 864 1748 924 illi
1767 908 1775 934 ‚
1798 861 1872 922 dum
1895 865 1979 936 patri

211 958 360 1038 praecipit
374 971 413 1018 ne
429 956 496 1016 sine
512 951 697 1014 necessitate
719 944 840 1010 molesti
857 945 953 1022 simus
966 944 1069 1023 proxi·
1110 948 1309 1018 obedierunt.
1325 949 1356 1011 ld
1372 952 1472 1013 solum
1488 949 1639 1025 iecerunt,
1654 946 1738 1027 quod
1750 943 1853 1007 lacere
1869 941 1978 1004 diuino

208 1057 263 1104 amo
277 1047 380 1103 nostre
397 1035 633 1102 mendicatione.
1114 1033 1492 1112 praeceptotenebantur.
1608 1043 1610 1048 ’
1948 1103 1956 1116 ‚

255 1121 436 1202 ttespandca
449 1119 485 1181 ud
502 1117 633 1197 primum
649 1110 831 1175 membrum:
848 1107 944 1172 Etiam
956 1123 1069 1187 paupe·
1155 1114 1215 1175 Sed
1231 1113 1381 1178 releltitur
1395 1117 1471 1178 baec
1486 1115 1610 1178 solutio.
1627 1114 1782 1182 Primam
1797 1107 1978 1202 testimonia

211 1221 262 1270 res
278 1213 361 1268 reete
386 1217 497 1266 acuere
511 1248 519 1272 .
535 1205 566 1261 el
581 1197 711 1266 mutium
734 1195 828 1264 dire,
845 1194 918 1256 dini
942 1193 1024 1254 enlin
1039 1191 1069 1252 id
1113 1195 1240 1270 liubani,
1257 1199 1309 1276 qui
1326 1198 1357 1260 ln
1373 1199 1591 1262 commentaria
1607 1195 1701 1277 hujus
1713 1191 1774 1258 loci
1791 1190 1877 1260 dreit.
1894 1187 1978 1250 fi¹¹⁰³

210 1305 303 1352 omne
325 1284 584 1368 quodacquirere
610 1281 748 1358 possent.
774 1274 1069 1354 Augustinusepist.
1118 1278 1257 1342 ionadab
1279 1281 1350 1360 plus
1379 1282 1515 1358 iecisse,
1542 1296 1636 1361 quem
1663 1279 1713 1342 lex
1741 1274 1843 1342 diuina
1860 1273 1980 1352 praeci·

211 1369 263 1434 89.
280 1376 400 1450 quaest.
416 1368 447 1430 l.
464 1366 578 1444 deque,
592 1362 702 1440 inquit.
715 1356 1070 1436 mihiminusimputc·
1116 1368 1215 1443 perci.
1616 1435 1618 1442 ¹

211 1453 309 1524 ιιιιιι,
327 1451 408 1535 quic
422 1451 510 1513 diaes
523 1452 592 1510 eon
604 1445 666 1523 [ui.
684 1441 765 1504 Nem
778 1439 1072 1520 accumulateque·
1157 1443 1311 1518 Secundo,
1328 1461 1365 1508 ex
1380 1445 1447 1523 ipsc
1461 1451 1543 1510 testu
1557 1443 1742 1518 Hieremiam
1757 1455 1828 1504 nem
1840 1438 1925 1500 lleus
1940 1450 1977 1498 ee

207 1536 312 1616 primi
336 1537 396 1599 boe
410 1534 574 1610 iecerunt,
597 1527 709 1590 diuites
732 1525 886 1602 suonam:
900 1524 1072 1586 aedictum
1115 1527 1185 1590 ιιιο
1200 1527 1342 1607 exemplo
1363 1528 1495 1592 liliorum
1510 1527 1649 1591 ionadab
1663 1521 1865 1604 reprehendit
1880 1535 1978 1614 popu·

210 1619 373 1684 mumdum
399 1614 552 1684 dimittit,
568 1611 648 1689 qui,
665 1612 694 1670 et
708 1605 796 1687 qaod
809 1605 924 1676 laedet,
941 1611 970 1668 et
984 1606 1073 1686 qnod
1090 1683 1093 1694 ἱ
1116 1610 1180 1672 lum
1192 1612 1379 1690 suum‚qaud
1396 1613 1439 1674 illi
1455 1611 1629 1674 obedierint
1640 1610 1706 1672 roei
1718 1606 1810 1672 auius
1825 1604 1975 1674 bominis.

211 1700 442 1782 optatissime,
458 1693 602 1761 dimittit.
612 1691 716 1770 Neque
732 1697 779 1752 est
793 1689 894 1751 simile
909 1693 1011 1752 actum
1022 1704 1073 1750 ee·
1116 1691 1185 1770 ipse
1207 1700 1307 1755 eutem
1323 1694 1390 1756 roei
1416 1695 1515 1770 ipsius
1530 1694 1585 1757 liei
1598 1693 1725 1756 obedire
1755 1687 1901 1752 noluerit.
1916 1684 1980 1746 Fir·

211 1785 375 1864 egritudinis
397 1787 466 1844 vctc
491 1775 677 1857 paupertatis
694 1791 703 1850 3
720 1788 788 1834 narn
815 1769 955 1834 cbristus
971 1773 1068 1834 dixit:
1117 1782 1286 1846 mouerunt,
1303 1777 1413 1856 inquit,
1430 1776 1483 1840 lilii
1506 1775 1666 1849 ionadab,
1681 1773 1736 1838 filii
1752 1769 1980 1848 licebabpme·

210 1867 302 1930 uecta·
315 1857 497 1946 pauperae,
514 1873 574 1921 nan
591 1856 671 1920 beati
687 1853 825 1935 aegroti,
842 1853 947 1916 ldattb.
963 1854 994 1916 5.
1012 1853 1071 1915 lii:
1118 1863 1239 1937 captum
1257 1861 1428 1936 patrissui,
1452 1860 1533 1937 quod
1550 1860 1750 1938 praeceperat
1763 1851 1822 1929 eis,
1843 1851 1981 1944 papulae

211 1947 248 2012 sa·
261 1951 308 2012 uia
320 1947 480 2030 perfectus
495 1941 678 2012 assumendo
692 1937 804 2000 omnic
819 1953 903 2017 quae
917 1937 1073 2014 possides,
1119 1948 1221 2002 autem
1235 1941 1292 2003 iste
1309 1957 1370 2003 nan
1392 1941 1527 2005 obedivit
1550 1941 1637 2004 mibi.
1655 1939 1738 2016 Quae
1764 1933 1887 2002 Domini
1902 1939 1981 1996 retro

212 2039 242 2094 et
257 2035 302 2096 da
315 2027 526 2112 pauperibus,
543 2023 647 2086 llettir.
663 2020 778 2082 lunen
792 2027 893 2081 autem
905 2021 931 2082 si
947 2023 992 2082 ris
1005 2035 1074 2098 per·
1118 2023 1210 2100 plane
1224 2023 1390 2102 lriqeretei
1407 2024 1460 2086 illii
1472 2023 1611 2088 lanadnb
1627 2023 1729 2086 diriaa
1742 2023 1911 2111 pmaceptc
1926 2015 1981 2080 ab·

212 2113 313 2178 tactas
328 2129 399 2177 esse
414 2158 421 2185 ,
439 2109 556 2190 prcqice
581 2105 764 2174 sanitatem,
781 2117 853 2166 cura
868 2107 899 2164 ιιι
917 2108 1071 2182 aegrotes.
1117 2105 1213 2167 stricti
1240 2105 1371 2168 inissent
1398 2108 1526 2170 obedire
1537 2109 1614 2186 patri
1630 2122 1687 2170 sua
1703 2106 1733 2166 tn
1748 2102 1843 2166 rebus
1858 2100 1932 2174 iltis,
1950 2103 1983 2162 ut

212 2195 353 2273 lienique
369 2203 530 2264 tenemur,
546 2188 573 2251 si
590 2201 768 2267 possumus,
784 2200 893 2246 sanare
909 2186 1071 2264 aegritudi·
1118 2204 1179 2249 nan
1196 2187 1338 2250 biberent
1352 2189 1455 2252 vinum
1471 2185 1607 2252 etoleno
1619 2190 1702 2252 enim
1719 2186 1802 2248 nulla
1829 2189 1914 2247 esset
1928 2199 1983 2243 un·

211 2293 294 2354 nem,
314 2293 353 2340 ne
368 2281 492 2340 nostrae
507 2273 614 2335 mortis
630 2285 739 2332 caussa
750 2267 846 2330 luisse
861 2267 1028 2332 uideamur:
1045 2275 1075 2330 at
1118 2269 1239 2332 titbesis
1253 2270 1333 2334 inter
1346 2271 1442 2334 ileum
1459 2278 1490 2335 et
1503 2279 1675 2336 creaturam
1693 2289 1702 2346 ς
1729 2285 1798 2332 nam
1814 2272 1846 2329 et
1859 2265 1913 2328 lilii
1930 2263 1983 2326 Jo-

211 2360 363 2423 ditescere
379 2373 471 2422 nemo
489 2361 620 2418 tenetur.
1118 2352 1218 2416 nadab
1230 2352 1443 2418 obedivissent
1456 2354 1533 2430 Deo,
1557 2361 1588 2419 et
1601 2353 1763 2416 llliilsriel
1779 2365 1841 2412 uon
1870 2347 1979 2412 obedi·

251 2443 295 2505 ud
311 2442 482 2505 seeundum
499 2437 670 2501 membrum
685 2432 774 2509 dico,
791 2447 908 2510 ponere
924 2435 1024 2498 omniu
1040 2435 1071 2496 in
1119 2435 1236 2497 iissent
1249 2436 1325 2499 beo.

210 2540 387 2596 commune,
404 2538 475 2586 esse
490 2537 561 2584 rere
577 2521 921 2596 amure·pauper·tatem;
937 2535 1006 2578 num
1023 2518 1074 2579 illa
1159 2517 1272 2592 lertio,
1289 2518 1371 2582 idem
1386 2519 1542 2600 colligitur
1555 2519 1695 2582 erlauda
1716 2522 1747 2580 el
1761 2513 1983 2578 remuneratio·

209 2623 282 2672 rere
297 2613 345 2669 est
359 2621 498 2688 pauper,
515 2603 568 2683 qui
584 2601 699 2664 nullius
720 2601 764 2661 rei
781 2604 829 2660 est
844 2598 1003 2676 dominus,
1020 2602 1073 2680 qui
1119 2613 1159 2662 ne
1174 2601 1290 2680 divium
1307 2617 1367 2664 noa
1383 2603 1465 2666 enim
1488 2608 1647 2683 tantopere
1668 2601 1752 2663 lleus
1766 2598 1925 2662 laudasset
1947 2593 1982 2656 tl·

210 2690 287 2753 nibil
305 2689 397 2752 babet
412 2689 494 2766 quad
509 2687 663 2756 rendere,
676 2681 804 2756 donare,
817 2690 1003 2760 permutare.
1020 2687 1073 2746 de·
1120 2684 1180 2746 lias
1193 2683 1343 2760 ionadab,
1360 2685 1422 2748 nisi
1436 2685 1553 2766 aliquid
1568 2685 1724 2765 singulare
1739 2682 1897 2745 iecissent.

210 2781 329 2836 struere
354 2773 464 2851 possit,
478 2775 509 2832 et
521 2785 612 2848 quam
639 2766 729 2827 alium
745 2771 954 2843 paupertatem
969 2767 1072 2844 eleqe·
1158 2765 1330 2842 Postremo,
1346 2768 1483 2846 idipsum
1497 2769 1572 2831 retia
1596 2765 1754 2836 maniiesta
1770 2763 1890 2828 suadet.
1906 2759 1983 2824 Nam

209 2863 281 2922 runt
296 2856 385 2934 primi
401 2851 576 2924 Christiani,
594 2849 652 2912 nisi
669 2849 758 2910 istam
773 2864 832 2926 qua
849 2863 940 2911 nemo
956 2849 1071 2930 aliquid
1118 2848 1238 2914 etiamsi
1251 2849 1458 2912 teneaturtllii
1470 2849 1598 2914 obedire
1610 2849 1866 2930 pareatibus‚oca
1879 2851 1982 2906 umen

204 2937 327 3001 diceret
343 2952 456 3011 suum,
474 2934 529 2998 scd
546 2937 653 2996 essent
677 2931 738 2994 illis
752 2930 855 2994 omnia
871 2932 1073 2994 communiet
1124 2937 1269 2995 tenentur
1284 2933 1412 3000 obedire
1426 2931 1462 2995 ia
1474 2934 1619 2996 omnibus
1633 2932 1738 3006 rebus,
1753 2933 1914 3010 postquam
1945 2927 1984 2988 ed

209 3022 309 3084 tetur.
326 3019 359 3082 l.
1124 3030 1223 3076 annos
1236 3015 1406 3093 pubertatis
1418 3018 1626 3096 pervenerint,
1641 3014 1696 3078 list
1719 3015 1802 3078 enim
1817 3009 1984 3086 uuusquis-

249 3103 292 3166 td
307 3102 442 3166 tertium:
460 3097 543 3178 lleqe
561 3111 632 3160 esse
646 3099 751 3158 contra
767 3093 872 3176 iidem,
885 3096 959 3158 dara
973 3097 1075 3159 omnia
1127 3111 1187 3172 que
1201 3097 1341 3176 suijuris
1356 3098 1387 3160 in
1403 3097 1568 3180 deligendo
1584 3105 1662 3162 statu
1685 3103 1717 3160 et
1737 3109 1853 3176 genera
1870 3094 1982 3161 ultae.

208 3199 264 3247 sua
284 3183 474 3264 pauperibus
503 3187 627 3261 propter
654 3178 753 3257 majus
779 3178 919 3240 merimm
935 3222 944 3250 ‚
960 3179 1074 3258 alioqui
1124 3178 1239 3259 alioqui
1256 3179 1333 3242 nibil
1355 3180 1616 3245 interesset‘iatcr
1630 3196 1736 3244 serras
1751 3185 1782 3241 et
1806 3178 1936 3250 liberos,
1954 3177 1981 3237 si

209 3263 349 3330 cbristus
364 3265 479 3344 aliquid
492 3270 597 3327 eontra
609 3259 701 3324 idem
714 3261 1005 3334 cousuluisset‚cum
1020 3264 1072 3324 ait:
1122 3269 1293 3341 semper,et
1307 3263 1452 3330 omuibus
1468 3266 1499 3328 in
1514 3263 1680 3340 rebusdtii
1692 3264 1724 3326 in
1740 3262 1835 3342 petris
1850 3265 1984 3339 potesta·

213 3345 320 3413 vende
335 3349 449 3411 omme
462 3345 706 3427 quaepcsuldee
720 3389 728 3416 ‚
744 3347 775 3405 et
789 3343 1071 3422 depauperatum,
1119 3351 1149 3406 te
1165 3350 1284 3406 essent.
1405 3395 1408 3404 .
1884 3357 1887 3366 ’

210 3437 240 3496 ιι
253 3430 384 3496 babebis
409 3431 599 3494 mmmmm
621 3427 659 3491 in
683 3425 792 3498 caelo,
810 3423 915 3487 liattb.
943 3425 992 3489 te.
1009 3427 1073 3491 lien
1162 3425 1249 3500 Quod
1261 3441 1333 3490 reno
1348 3427 1380 3491 b.
1396 3427 1562 3492 Paulusait
1575 3426 1695 3492 coloss.
1712 3427 1742 3490 3.
1765 3425 1845 3488 Filii
1858 3423 1984 3488 obedite

211 3514 294 3578 enim
311 3519 449 3594 pappant
473 3514 580 3575 merita
595 3517 700 3572 nostre
722 3524 792 3570 cum
809 3506 919 3572 Christi
935 3511 1074 3583 meritis,
1118 3508 1307 3588 perennibus
1318 3527 1380 3590 per
1393 3513 1517 3576 omnic.
1529 3511 1584 3573 llal
1598 3511 1640 3572 itu
1653 3510 1785 3588 intettiqi
1807 3509 1925 3581 debet,
1954 3513 1984 3568 ut

211 3597 268 3660 ιιι
284 3613 320 3661 ιι
332 3597 395 3660 iilis
411 3596 512 3675 patius
526 3600 561 3658 ut
571 3591 700 3656 ellectus
712 3605 750 3654 ex
761 3606 870 3654 caussa
883 3599 1074 3673 promanant3
1121 3591 1196 3654 iilud
1212 3591 1287 3671 (Per
1301 3593 1427 3675 omnic)
1443 3591 1597 3674 significet
1612 3593 1782 3673 peremnia
1798 3591 1835 3652 ad
1852 3595 1934 3670 quae
1949 3605 1983 3652 sa

214 3695 285 3743 nam
300 3680 369 3742 sine
384 3677 495 3748 Christi
517 3673 637 3742 meritis
650 3675 735 3737 nulla
751 3679 823 3736 sunt
838 3681 941 3737 nostra
955 3677 1075 3739 merite.
1121 3675 1257 3738 extendit
1272 3677 1365 3754 patria
1382 3682 1529 3757 potestas,
1547 3683 1581 3738 ut
1595 3680 1679 3738 recte
1694 3675 1785 3738 docet
1805 3691 1834 3736 s.
1850 3673 1984 3734 Thomas

215 3761 271 3824 llle
287 3765 368 3824 enim
383 3807 391 3832 ‚
408 3769 528 3840 pmeter
542 3759 622 3830 alia,
639 3758 732 3822 stium
753 3757 923 3835 potentiam
937 3761 1074 3822 merendi
1120 3756 1150 3818 in
1167 3757 1198 3820 2.
1214 3757 1245 3820 2.
1262 3765 1385 3840 quaest.
1400 3757 1471 3822 titt.
1488 3766 1544 3820 eri.
1560 3757 1853 3838 &quemadmodum
1869 3754 1897 3818 si
1913 3755 1983 3835 quis

210 3845 303 3908 nobis
328 3843 491 3922 aequisivit
515 3843 624 3906 merito
649 3841 756 3902 martis
771 3854 859 3901 suae.
884 3839 967 3919 Nego
983 3841 1074 3904 etium
1120 3840 1250 3919 diecret,
1266 3848 1408 3919 oportere
1431 3842 1544 3904 milites
1573 3841 1700 3912 obedire
1726 3839 1901 3920 imperatori
1929 3855 1984 3916 per

209 3943 281 3992 esse
297 3934 399 3990 eontra
413 3928 589 3989 charitatem
604 3923 732 4003 proximi
747 3922 1074 4002 mendieure3quanda-
1120 3925 1235 3996 omnia,
1253 3925 1470 4002 exponendum
1482 3929 1567 3988 essct
1581 3941 1637 4004 per
1651 3923 1767 3993 amnia,
1783 3936 1862 4002 quae
1877 3923 1914 3982 ud
1931 3925 1987 3982 mi·

209 4010 334 4090 quidem
357 4010 513 4075 neminem
528 4011 643 4087 coquat
656 4006 729 4068 dure
745 4005 975 4084 eleemosynam
988 4023 1073 4069 men·
1119 4004 1214 4068 litium
1233 4007 1397 4084 pertineat.
1414 4007 1470 4076 liei
1490 4013 1573 4070 certe
1588 4005 1797 4069 tenenturlllii
1812 4019 1868 4084 per
1883 4005 1985 4066 amnia

210 4093 420 4166 dicentesque
435 4091 538 4174 potius
552 4089 748 4153 occasionem
763 4085 908 4148 diuitibus
922 4087 1072 4167 praebent
1120 4088 1298 4164 parentibus
1314 4089 1454 4163 obedire,
1475 4089 1530 4152 sed
1547 4089 1620 4152 dum
1633 4089 1750 4168 paruuli
1765 4093 1849 4162 sunt;
1864 4103 1937 4150 nam
1954 4093 1985 4150 ut

210 4176 407 4254 comparandi
423 4175 484 4236 sibl
499 4187 629 4254 requam
643 4167 883 4236 caetorumsed
899 4171 938 4234 de
953 4170 1013 4234 boo
1025 4174 1070 4234 in·
1120 4170 1230 4232 dicitur
1241 4171 1277 4231 ad
1294 4171 1390 4235 Galat.
1406 4171 1437 4232 l.
1456 4169 1579 4248 micam
1602 4177 1743 4252 tempore
1767 4171 1883 4234 liberes
1907 4185 1984 4248 par·

209 4257 254 4320 ira
270 4258 401 4321 tatius..
745 4321 748 4334 ,
1118 4253 1677 4332 uuluaeut‚uitaitdiaaertcaerco;
1704 4253 1899 4318 etllominus
1915 4254 1983 4330 ipse

550 4347 553 4356 ’
776 4361 779 4371 v
1118 4336 1297 4479 parentlibas
1307 4337 1463 4478 ²subditus
1477 4343 1542 4401 erat
1557 4353 1627 4400 eum
1642 4343 1836 4418 postumat,
1853 4342 1888 4397 ut
1904 4334 1981 4415 legi-

503 4445 532 4486 ·,
1120 4433 1198 4494 mus,
1241 4433 1291 4480 uc.
1330 4463 1338 4480 .
1812 4443 1814 4450 ·

539 4499 746 4568 eleusini.
1121 4545 1126 4553 .
1158 4499 1299 4564 Secunde
1311 4501 1389 4563 ratio
1399 4517 1437 4563 ex
1452 4501 1646 4565 Testamenta
1661 4517 1740 4565 nero
1767 4501 1848 4563 sumi
1861 4505 1979 4578 potest.

1117 4581 1201 4654 Nam,
1219 4589 1252 4644 at
1266 4597 1356 4663 supra
1370 4585 1503 4647 diximus
1518 4585 1549 4646 in
1562 4585 1768 4665 disputatione
1784 4585 1823 4647 de
1840 4583 1983 4646 consiliis

462 4731 465 4736 ,
640 4721 643 4726 ,
1116 4665 1281 4728 eonsilium
1298 4665 1495 4744 perieulicnis
1511 4673 1559 4734 est
1580 4669 1667 4744 sequi
1691 4667 1854 4730 Dominum
1882 4665 1983 4742 perte·

355 4785 358 4792 -
464 4747 506 4813 lte
517 4755 589 4815 auto
604 4749 818 4814 obedientiae.
885 4793 889 4800 .
1117 4753 1166 4810 ιιι
1181 4748 1365 4828 abnegando
1376 4749 1526 4827 seipsum,
1539 4756 1573 4813 ut
1587 4749 1742 4830 colligitur
1756 4765 1794 4812 en
1805 4747 1858 4812 illo
1874 4747 1980 4812 llattln

463 4841 467 4854 ·
975 4867 977 4872 ,
1117 4829 1166 4892 ld.
1186 4827 1247 4906 Qui
1258 4832 1450 4898 uuitamire
1462 4831 1981 4912 pustmccbneqeieemetipsum,

495 4951 497 4958 ,
862 4947 867 4961 ν
1117 4921 1148 4978 et
1161 4915 1250 4975 tctlm
1265 4929 1521 4988 erucemsumn,
1538 4922 1567 4979 et
1580 4925 1812 4996 aequaturum
1834 4929 1907 4977 nam
1924 4917 1983 4976 etsi

247 4999 313 5064 lam
338 5014 411 5062 roro
434 4997 643 5061 obedientiam
667 4995 842 5077 religiosam
868 5004 952 5062 recte
968 5001 1070 5062 roveri
1117 4997 1147 5056 in
1164 4998 1400 5074 praeparatione
1416 4998 1508 5058 animi
1526 4999 1680 5079 abnegare
1696 4997 1832 5077 seipsum
1851 5013 1978 5076 praece-

208 5080 295 5154 bee,
311 5085 361 5144 bis
376 5079 547 5144 rationibus
571 5080 693 5161 probari
715 5085 828 5156 potest.
845 5078 967 5156 Primo,
984 5088 1068 5160 grata
1116 5086 1202 5156 ptum
1217 5077 1268 5152 sil,
1285 5077 1354 5142 eum
1371 5080 1486 5144 ibidem
1502 5079 1652 5143 llominus
1667 5081 1782 5154 addat,
1814 5080 1867 5158 qui
1895 5081 1981 5142 enim

208 5170 258 5225 eet
270 5163 334 5226 lieo
359 5165 534 5228 obedientia
560 5164 650 5226 etiam
667 5164 697 5224 in
713 5161 751 5224 iis
776 5162 892 5234 rebus.
910 5180 986 5244 quas
1000 5165 1069 5242 ipse
1115 5161 1386 5224 rataarltaatrnam
1399 5179 1486 5224 suum
1499 5165 1613 5226 uuluam
1629 5163 1741 5237 lacere,
1759 5165 1869 5236 perdet
1882 5177 1954 5224 aem
1972 5183 1980 5224 ι

206 5259 269 5306 non
285 5248 451 5326 praecepit.
468 5246 538 5309 llam
554 5245 727 5314 Hieremiae
741 5243 792 5307 35.
807 5244 1011 5308 laudanturet
1022 5263 1069 5310 re·
1114 5246 1217 5306 tumen
1239 5251 1322 5306 entra
1336 5245 1499 5308 articulum
1524 5247 1718 5309 naccessitatis
1746 5247 1904 5325 abnegare
1920 5248 1982 5308 sei·

207 5333 407 5390 munemntur
422 5337 437 5389 a
454 5328 518 5392 bec
533 5327 762 5401 titillantium,
779 5331 842 5408 qui,
859 5335 893 5389 ut
907 5328 1069 5392 obedirent
1114 5343 1205 5406 psum
1220 5327 1404 5407 perlectum
1416 5329 1558 5391 amnibus
1572 5330 1710 5392 inrebus
1721 5328 1921 5410 subjiciendo
1931 5329 1982 5408 ju-

201 5411 287 5490 patri
300 5423 434 5478 sunnon
449 5410 596 5476 bibebant
610 5411 790 5484 alcumena
807 5410 1065 5487 serebanturque,
1115 5409 1231 5471 dicium
1246 5416 1277 5471 et
1291 5411 1478 5473 voluntatem
1490 5427 1575 5474 suem
1592 5413 1718 5474 alterius
1729 5407 1849 5491 judicia
1875 5416 1907 5472 et
1929 5427 1982 5474 ro·

196 5503 267 5556 uon
283 5489 438 5553 hebebant
460 5493 590 5569 domos,
607 5495 662 5557 sed
680 5493 856 5556 babitabant
871 5495 1066 5574 perpetuata
1113 5491 1233 5562 lentati,
1251 5507 1311 5554 non
1328 5497 1375 5554 cst
1390 5501 1586 5573 pracceptum
1604 5535 1611 5566 .
1640 5498 1695 5556 ιιι
1708 5495 1885 5557 consilium.
1904 5492 1982 5557 ldec

202 5574 358 5638 tentoriis:
376 5587 467 5636 amne
480 5581 583 5637 autem
597 5577 679 5654 quod
696 5571 759 5640 nea
775 5583 892 5656 quatum
906 5584 964 5650 esi,
978 5590 1066 5646 aare·
1113 5575 1195 5636 enim
1209 5573 1314 5636 llattb.
1334 5573 1550 5646 lidiciturzsi
1562 5577 1779 5656 clupea-sectas
1795 5582 1976 5654 eseemode,

205 5657 292 5722 rlilii
306 5661 429 5737 potest,
448 5655 538 5736 iqltm
552 5657 727 5724 obedientie
742 5703 750 5734 ,
767 5651 988 5740 etiom'ulioqui
1004 5675 1065 5722 nan
1111 5657 1218 5722 cande
1232 5658 1345 5720 omnic
1359 5665 1417 5720 etc.
1435 5665 1464 5722 et
1477 5661 1563 5735 ceni,
1579 5669 1712 5740 sequere
1725 5674 1788 5722 me.

205 5741 322 5816 mitta,
340 5739 517 5804 marcuart
536 5745 647 5818 potest.
1153 5737 1258 5815 Poma,
1275 5739 1410 5820 perfectu
1427 5743 1553 5821 sequela
1570 5742 1702 5820 bamini,
1729 5757 1809 5822 quae
1824 5741 1856 5805 ie
1883 5745 1981 5809 abne·
