4098 6294
272 305 326 366 aas
823 307 868 366 us
890 291 1330 370 snuc‘ronultmurucuruc

194 441 757 521 quiderinas‚sinitesaieetmcs‚
773 442 1048 522 quiueidebimuo
1423 439 1541 506 curii
1563 434 1611 503 ill.
1724 509 1728 518 ,

192 539 268 588 eum
280 523 377 588 sicuti
390 531 447 588 eol.
464 525 569 603 ltaque
585 525 672 596 illud.
687 525 809 589 simios
822 525 854 588 ei
867 527 1048 598 ennensi·
1242 563 1246 568 -

188 607 470 686 relinquendos
521 609 616 671 irrisio
632 607 747 671 erimus
771 611 989 672 communalis
1004 616 1048 672 to·
1214 603 1338 672 liudem
1350 605 1662 688 ccntmeeqraecis
1678 601 1827 670 dulciores

69 697 124 773 qap
190 689 491 768 tiusmundi3ridulr
540 692 651 754 renim
666 707 724 754 nos
739 691 769 753 in
782 691 917 755 nubibus
929 691 1048 756 Christo
1285 756 1289 760 ,
1406 687 1629 770 mnfirmatur.

122 758 132 812 l
190 773 378 846 assidentes,
394 791 429 837 uc
444 774 562 836 slmiles
577 773 622 836 illi
637 773 739 854 quoad
755 775 1048 855 crtemomqloriana
1475 787 1481 819 .·

189 857 342 936 corporis.
358 855 442 934 Quae
467 856 563 936 pluria
577 871 616 920 ex
630 869 668 920 eo
684 863 849 929 nascetur,
866 857 947 937 quod
964 858 1048 921 ride·
1133 853 1277 932 Sequitur
1292 871 1388 932 nuuc,
1405 861 1437 919 ol
1451 861 1524 938 post¹
1534 854 1709 935 Scripturas
1723 867 1839 927 sacras,
1852 851 1960 932 prole·

188 937 294 1002 lrlmus
308 955 379 1002 cum
395 939 484 1002 sicuti
501 945 560 1016 est3
575 938 649 1002 llam
663 938 769 1002 ridere
782 937 879 1002 Deum
888 962 898 1009 ,¹
913 946 961 1002 cst
975 939 1049 1003 bea·
1090 951 1194 1000 remus
1208 937 1297 1000 etlam
1313 939 1489 1004 testimonia
1504 938 1634 1014 iolcum,
1651 953 1687 1000 aa
1707 936 1838 1016 primum
1859 933 1958 998 lirae·

189 1021 288 1084 titudo
304 1021 436 1095 animae,
452 1035 491 1084 ex
505 1037 564 1100 qua
581 1022 717 1084 nascitur
730 1020 827 1101 gloria
842 1021 1049 1101 corporislist
1091 1033 1208 1096 corum,
1225 1036 1265 1084 ne
1280 1022 1468 1086 recentiores
1482 1021 1588 1085 Graeci
1605 1019 1792 1092 existiment,
1807 1023 1953 1083 setarum

189 1111 292 1167 autem
308 1104 420 1166 similis
432 1104 483 1166 iric
496 1103 608 1178 locus,
625 1110 658 1166 ut
672 1103 754 1167 Beda
769 1105 859 1168 allam
885 1113 989 1168 monet
1002 1105 1047 1168 illl
1092 1101 1267 1166 testimonio
1281 1117 1414 1167 onorem
1430 1119 1520 1168 suum
1534 1119 1569 1168 se
1584 1100 1868 1183 possodelendera.

187 1185 258 1249 ioco
274 1187 369 1249 inuti:
381 1185 502 1249 noerae
516 1189 601 1258 coln,
617 1186 724 1250 eluite
736 1191 844 1250 unire
858 1187 1049 1251 abscondita
1132 1185 1262 1249 Primus.
1278 1184 1414 1266 lqnatius
1428 1187 1458 1251 ic
1474 1190 1565 1267 epist.
1582 1186 1619 1249 od
1636 1187 1720 1250 Rom.
1743 1184 1829 1260 dicit,
1846 1199 1882 1246 se
1897 1198 1959 1262 per

189 1273 234 1332 est
249 1283 325 1331 eura
340 1267 461 1332 Christo
484 1269 523 1332 in
536 1269 623 1347 llea;
638 1283 714 1333 cunc
732 1274 842 1333 autera
855 1273 1049 1350 apparuerit
1091 1269 1268 1350 martyrium
1284 1268 1438 1346 proliciscl
1453 1270 1492 1333 de
1517 1270 1633 1332 munda
1649 1269 1686 1332 ad
1708 1265 1819 1332 ileum.
1834 1265 1874 1329 El
1887 1282 1959 1328 rur·

191 1349 334 1414 dirutus
346 1353 415 1414 cita
427 1355 544 1423 amira.
560 1357 638 1415 lano
652 1358 682 1414 et
694 1366 750 1414 cos
764 1353 963 1432 apparebitis
975 1369 1049 1418 etun
1090 1363 1158 1430 sum
1181 1351 1232 1412 ait:
1254 1351 1346 1431 dqna
1363 1352 1439 1415 uiua
1457 1367 1595 1416 monens
1615 1353 1654 1416 in
1674 1365 1737 1424 me,
1751 1350 1956 1414 intrinsecus
2028 1347 2029 1440 l

187 1437 260 1516 ipso
275 1435 314 1498 in
328 1434 446 1512 pluria.
464 1433 583 1497 coloss.¹
601 1434 632 1496 i.
649 1433 749 1512 Quare
765 1450 827 1498 non
842 1435 998 1516 colligitur
1011 1451 1049 1500 ex
1090 1431 1173 1496 milei
1186 1431 1353 1512 dicit,ueni
1367 1437 1413 1498 ad
1425 1435 1565 1500 dolrem.
1579 1436 1617 1498 ltt
1630 1431 1801 1498 secundum
1816 1447 1959 1494 errorem
2005 1437 2009 1440 ’

186 1519 290 1580 rerols
302 1515 569 1589 loannis,sanctos
584 1517 727 1580 homines
742 1532 804 1580 uon
819 1491 1047 1663 risurossffirm
1092 1515 1278 1602 Graecorum
1294 1522 1324 1580 el
1343 1517 1585 1590 Caluinislorum,
1615 1532 1675 1580 non
1691 1517 1729 1578 od
1752 1515 1849 1579 Deum
1876 1514 1956 1586 ibat,

188 1605 261 1662 ante
289 1599 372 1680 diem
394 1599 527 1680 iudicii,
557 1601 612 1662 sed
642 1600 743 1662 solum
771 1606 841 1667 unta
870 1611 939 1663 enm
989 1603 1048 1668 lem
1092 1598 1147 1660 scd
1163 1605 1200 1660 ad
1217 1599 1345 1674 iuleros,
1362 1603 1464 1664 autad
1480 1603 1572 1664 alium
1588 1601 1689 1662 iocum
1704 1602 1789 1662 extra
1814 1597 1956 1670 coelum,

188 1697 252 1745 uun
274 1697 345 1746 esse
360 1697 466 1744 eorum
482 1681 610 1763 gloriam
632 1683 685 1746 loll
713 1683 828 1746 mundo
850 1683 1047 1748 manileslan·
1092 1679 1145 1742 ubi
1161 1697 1222 1743 non
1239 1682 1336 1762 magis
1350 1682 1432 1746 Deus
1447 1691 1600 1763 conquam
1613 1683 1664 1744 hic
1677 1681 1850 1744 nobiscum.
1865 1679 1960 1742 Prae·

165 1827 167 1832 ,
190 1766 274 1828 dum.
801 1821 806 1828 ,
1091 1767 1174 1826 terea
1190 1763 1371 1828 ibidemail:
1400 1763 1817 1846 Sinitemcpuromlucem
1829 1762 1960 1841 aspice·

228 1845 275 1911 nd
290 1850 429 1927 quartum
445 1859 483 1907 er
496 1845 694 1927 apocalypsi,
710 1847 851 1926 dico,per
865 1849 971 1924 altare,
988 1850 1047 1914 sub
1091 1861 1138 1918 re,
1153 1847 1233 1910 illuc
1245 1850 1547 1926 pruveniensium
1561 1847 1620 1912 Dei
1634 1863 1700 1911 era
1714 1845 1750 1908 lit
1760 1845 1962 1908 rursumffli·

189 1947 250 2008 quo
265 1935 338 1992 sunt
352 1929 493 2001 auinaue,
511 1945 573 1992 non
589 1945 684 2008 posse
710 1929 839 2010 intelllgi
856 1932 989 2010 aliquem
1006 1933 1050 1996 lo·
1093 1929 1242 1993 secabilis
1255 1945 1330 1994 stent
1344 1947 1446 2004 nunc,
1463 1933 1566 1996 donec
1581 1930 1684 1994 Deum
1697 1944 1827 1992 mereat·
1851 1928 1968 2006 adipi·

189 2029 259 2076 cum
274 2019 357 2075 extra
372 2012 508 2088 coelum3
523 2029 593 2075 nam
609 2015 641 2074 in
655 2029 725 2085 cup.
743 2012 772 2076 l.
791 2013 959 2090 habemus,
975 2015 1050 2080 istas
1098 2012 1157 2075 sci.
1179 2013 1220 2074 An
1244 2028 1306 2076 uon
1329 2015 1498 2078 clarissime
1520 2014 1645 2088 indicat,
1668 2027 1703 2074 se
1718 2011 1818 2074 statim
1834 2026 1849 2072 a
1867 2017 1971 2073 morie

188 2096 306 2158 animas
321 2097 446 2158 amictus
462 2096 551 2158 stolis
563 2097 642 2158 aluis
658 2110 729 2160 esse
743 2101 814 2157 ante
827 2099 968 2160 tironum
982 2097 1049 2170 liei,
1099 2093 1232 2157 iulurum
1248 2113 1320 2158 cum
1331 2097 1406 2173 Dea,
1423 2103 1454 2161 el
1469 2097 1603 2160 risurum
1619 2111 1726 2174 puram
1742 2094 1842 2156 lucem
1854 2092 1971 2156 divini-

187 2177 317 2256 Dcoque
331 2176 363 2238 in
378 2178 495 2256 templo
510 2177 592 2258 ejus,
609 2179 700 2256 idest,
718 2179 748 2241 in
765 2179 853 2242 coela
869 2178 1051 2258 serviente
1100 2177 1189 2240 talisi
1213 2179 1353 2260 lienique
1375 2181 1500 2260 saepius
1521 2179 1643 2258 repetit,
1660 2193 1695 2241 se
1710 2191 1765 2258 per
1787 2175 1971 2256 martyrium

189 2277 226 2323 ac
241 2267 345 2322 nocte.
509 2271 512 2280 ¹
1102 2260 1285 2338 adepturum
1300 2261 1466 2327 Christum.
1482 2261 1520 2326 lt
1538 2261 1692 2342 quomodo
1718 2257 1922 2340 adipiscetur,
1940 2259 1970 2321 si

230 2342 306 2406 l'res
322 2357 396 2421 erqo
422 2345 495 2404 sunt
518 2343 690 2406 catholicae
716 2343 939 2421 expositiones.
956 2345 1053 2408 Prima
1102 2339 1239 2407 Christus
1252 2349 1300 2406 est
1313 2345 1345 2408 in
1360 2347 1459 2418 coelo,
1474 2353 1504 2408 et
1518 2344 1587 2424 ipse
1602 2343 1660 2408 erit
1680 2343 1761 2423 apud
1787 2341 1919 2416 inieras,
1937 2342 1970 2403 in

190 2425 305 2491 Bedaa.
321 2424 411 2487 illud:
428 2423 494 2486 Sub
510 2425 773 2506 ollariaonjuuqi
790 2443 861 2488 cum
875 2428 1078 2515 interfecto,
1101 2425 1216 2490 abdllis
1230 2429 1447 2505 tessilllicttlist
1465 2429 1574 2491 nescio
1590 2426 1722 2507 quibu-³?

190 2523 287 2582 rnna,
305 2507 365 2571 lroc
380 2509 494 2576 modos
513 2510 585 2572 lidi
599 2511 729 2573 animae
741 2509 984 2592 interfectorum
995 2511 1055 2576 sni
1145 2505 1305 2572 Secundus
1321 2512 1361 2574 sit
1374 2509 1539 2594 dionysius
1564 2509 1751 2589 areopagita,
1777 2507 1828 2587 qm
1852 2505 1911 2570 lib.
1928 2507 1970 2569 dc

192 2591 306 2654 onan.-
322 2606 378 2669 per
392 2590 486 2652 altare
501 2599 602 2655 autem
621 2591 750 2672 intolliqi
765 2590 930 2667 Christum,
941 2600 973 2656 ut
984 2589 1054 2656 s'en·
1105 2587 1284 2654 Ecclesiasl.
1301 2591 1414 2656 hierar.
1431 2609 1499 2674 cap.
1517 2593 1547 2656 i.
1563 2593 1676 2670 porti.
1693 2593 1824 2670 loquens
1839 2591 1880 2652 de
1896 2605 1969 2652 san·

192 2689 249 2738 sus
262 2673 314 2734 sit:
331 2671 398 2734 Vidi
414 2671 533 2737 animas
546 2675 777 2738 interlectorum
790 2674 848 2737 sub
861 2675 1054 2752 altarl,idcst,
1105 2671 1164 2734 ciis
1177 2672 1209 2734 in
1226 2680 1322 2738 morte
1337 2677 1523 2742 constitutis:
1546 2675 1681 2748 Nomai,
1702 2673 1800 2752 inquil
1820 2672 1969 2753 profecto

191 2755 251 2818 sub
268 2755 485 2818 testificatione
502 2759 638 2820 nominis
653 2757 836 2820 eluristiani:
854 2759 1009 2836 quomodo
1023 2759 1056 2822 2.
1102 2770 1137 2818 so
1158 2760 1237 2820 totos
1254 2763 1463 2838 percepturos
1495 2757 1738 2826 amantissimam
1773 2756 1821 2818 nd
1850 2754 1970 2818 dienati

191 2838 333 2903 Machab.
350 2837 380 2900 i.
396 2836 543 2903 dicuntur
571 2838 749 2903 ilaclrabiai
764 2839 860 2902 occisi
880 2839 941 2904 sul)
955 2841 1058 2906 Testa·
1101 2839 1253 2917 speeiem,
1268 2842 1505 2920 requiemnon
1519 2843 1564 2904 aa
1576 2841 1757 2918 moerentis
1769 2841 1856 2902 citae
1866 2835 1968 2914 inem

193 2926 298 2984 mento
313 2919 381 2993 liei,
398 2918 491 2992 idest.
508 2938 565 3004 pro
579 2922 778 2986 Testamenta
793 2921 861 2985 liei.
1100 2923 1318 2999 pervenerint,
1339 2925 1492 3005 uiamque
1506 2925 1552 2988 ad
1570 2923 1850 2987 immortalitatem
1867 2935 1968 2984 atam

235 3003 390 3076 Secunda,
407 3002 550 3081 ejusdem
565 3003 821 3076 Bedae,Primasii
836 3010 867 3067 et
879 3004 1057 3085 llaqmonis,
1103 3005 1240 3068 enicinc
1257 3005 1330 3086 iam
1350 3007 1472 3071 clamne
1492 3009 1666 3072 intuentes.
1689 3004 1872 3069 diuinitatis
1893 3003 1967 3066 lan·

192 3085 282 3160 illud,
298 3085 357 3149 sni
372 3084 484 3160 altari,
503 3087 651 3168 conjungi
668 3103 737 3148 cum
752 3087 832 3162 cidi,
846 3088 901 3149 sed
918 3102 974 3167 per
988 3090 1059 3152 ulta·
1104 3085 1355 3160 donimanero,
1379 3091 1558 3171 diuinaque
1579 3088 1703 3151 laetitia
1722 3085 1872 3167 partiunt,
1896 3102 1968 3149 non

192 3169 1060 3248 reintelligisecretumintellectuale‚undeprocediliiri·
1097 3167 1172 3247 ione
1186 3171 1231 3233 ad
1250 3171 1413 3235 deteriora
1434 3171 1677 3238 conversionem
1695 3175 1884 3240 metuentes,
1906 3168 1965 3232 aed

194 3252 303 3313 miuma
325 3249 425 3312 laudis
446 3250 580 3318 divinae.
603 3248 687 3314 Sicut
707 3252 790 3313 enim
810 3251 843 3314 in
862 3253 1060 3319 talernacalo
1100 3257 1222 3328 parata
1243 3251 1330 3318 iona
1348 3269 1383 3317 se
1401 3253 1536 3338 innitar
1554 3260 1775 3335 perpetuoque
1795 3251 1964 3316 habituras

193 3337 387 3406 craterensi
401 3340 472 3397 aulo
486 3335 695 3398 oreomaltare
710 3349 836 3397 aureum
852 3333 1060 3412 lirimiomulls,
1101 3332 1202 3412 probe
1215 3342 1381 3402 noscentes
1396 3343 1453 3401 elo.
1469 3339 1541 3402 iloto
1566 3337 1671 3400 dicere
1690 3335 1884 3416 Dionysium,
1900 3333 1965 3398 aui·

196 3417 237 3478 ila
253 3417 283 3479 iu
299 3417 399 3486 coelo,
415 3418 611 3480 tabernaculo
628 3431 688 3478 uon
704 3433 796 3480 manu
810 3417 901 3490 iacto,
919 3426 966 3481 est
990 3435 1059 3483 area
1106 3431 1172 3478 mos
1192 3425 1367 3483 sanatorum
1389 3422 1490 3483 statim
1511 3438 1526 3484 a
1544 3425 1643 3486 morta
1664 3419 1800 3482 hominis
1813 3416 1964 3496 corrseqci
2028 3423 2029 3474 l

196 3497 391 3562 numanitatis
404 3495 527 3576 Christi,
544 3501 575 3562 in
591 3516 650 3580 qua
664 3499 781 3564 residet
795 3499 947 3564 divinitas:
964 3508 994 3565 et
1008 3520 1060 3564 an·
1104 3495 1510 3582 inmortalitatemnumqua
1525 3504 1585 3567 hoo
1601 3519 1662 3567 non
1675 3499 1913 3582 possitintelligi
1925 3500 1965 3562 de

196 3590 226 3644 te
241 3596 307 3644 eam
323 3587 371 3644 est
384 3581 477 3644 ellare
491 3582 714 3656 aureum,unde
728 3582 867 3661 procedit
881 3590 1060 3664 perpetuum
1105 3579 1329 3648 immortalitate
1351 3585 1490 3660 naturali,
1514 3601 1574 3650 nec
1594 3586 1633 3649 dc
1655 3581 1879 3648 immortalitate
1901 3599 1965 3646 ear·

199 3665 354 3727 thimiama
369 3663 468 3729 laudis
483 3666 615 3742 divinae,
632 3668 663 3727 el
676 3679 814 3743 precum.
831 3665 867 3727 lit
880 3673 964 3730 notat
983 3665 1061 3750 Hap·
1105 3665 1166 3740 nis,
1183 3667 1360 3731 necessario
1375 3683 1445 3732 esse
1460 3667 1696 3749 intelligendum
1708 3665 1962 3738 uerecundiae,

196 3763 260 3819 mo,
276 3747 359 3827 quud
375 3745 455 3810 sicut
468 3749 500 3810 in
516 3749 714 3811 tabernaculo
730 3748 973 3818 materiali,inter
987 3753 1059 3813 aila·
1106 3763 1185 3828 quae
1200 3757 1249 3813 est
1262 3752 1318 3813 rita
1334 3757 1457 3814 aeterna
1474 3751 1606 3815 animae.
1632 3750 1749 3813 Eodem
1774 3748 1829 3811 lilr.
1848 3755 1880 3811 et
1894 3763 1961 3826 cap.

196 3846 232 3893 re
247 3843 373 3892 aureum
388 3835 419 3890 el
439 3847 552 3907 croam,
569 3836 633 3893 erat
647 3831 760 3900 selum,
776 3830 857 3909 quod
870 3831 999 3896 'inactum
1015 3838 1063 3897 esi
1105 3837 1182 3909 pori.
1199 3832 1229 3896 3.
1251 3832 1325 3898 dicit
1345 3835 1462 3898 animas
1483 3841 1657 3898 senatorum
1678 3830 1768 3896 statui
1790 3830 1822 3894 ln
1837 3831 1963 3910 regione

197 3913 229 3975 in
252 3919 349 3976 morte
371 3909 493 3976 Christi:
518 3915 557 3976 lta
579 3928 702 3994 quoquc
724 3913 851 3975 durante
865 3912 1061 3978 Testamenta
1104 3914 1252 3990 airomm,
1267 3915 1299 3978 in
1315 3915 1385 3980 sinu
1400 3917 1550 3989 Abrahae,
1568 3917 1654 3979 lsaaa
1684 3921 1713 3977 et
1727 3911 1833 3988 iacob,
1849 3913 1963 3976 etsub-

199 3993 304 4076 venel,
322 3993 442 4059 animae
458 4003 635 4064 sanctorum
648 4000 735 4058 erant
748 3995 808 4058 sub
827 3993 925 4071 uitari,
948 3997 1062 4061 sacelli·
1106 3995 1161 4058 dit:
1176 3995 1254 4072 ista,
1268 4005 1399 4076 uereor,
1415 4005 1491 4065 euni
1503 3999 1674 4080 perspicuo
1689 3996 1875 4061 ioatlsnno
1887 4011 1962 4060 san

200 4079 308 4141 caules
322 4076 387 4140 ileo
402 4078 518 4142 hostias
533 4077 702 4152 laudis,sed
718 4078 818 4140 telum
833 4083 899 4141 erat
919 4079 1063 4146 intereas
1105 4085 1230 4143 olorum
1246 4085 1409 4162 praemia.
1434 4081 1518 4160 Quid
1539 4083 1628 4146 enim
1639 4079 1879 4145 immortalitati
1888 4095 1961 4159 per·

197 4165 229 4224 et
252 4161 361 4237 ileum3
384 4165 414 4222 al
434 4161 531 4225 iracto
551 4161 620 4225 roio
642 4177 697 4238 per
711 4157 954 4242 clerimoniam
968 4163 1061 4227 altare
1104 4161 1218 4239 lectae,
1232 4166 1386 4246 omnique
1400 4165 1531 4230 tristitia
1543 4178 1670 4230 coenae
1698 4179 1736 4226 co
1749 4161 1870 4244 plenae
1888 4177 1961 4240 por·

196 4249 246 4306 est
260 4242 460 4322 coniunctum
475 4249 609 4318 arceant
624 4241 699 4306 ultril
716 4249 764 4306 est
777 4243 809 4305 in
822 4243 1055 4310 mediollicun·
1098 4246 1191 4325 potui
1205 4245 1339 4312 luminis
1353 4248 1495 4327 oensem
1515 4247 1637 4329 possit?
1649 4245 1735 4310 Ilicet
1751 4244 1898 4308 'muium
1910 4260 1961 4307 sa·
1993 4285 1998 4302 .
2020 4279 2024 4323 :

198 4331 247 4390 tur
261 4330 362 4388 autem
377 4325 496 4390 animae
511 4341 582 4390 esse
596 4323 656 4390 sub
671 4325 757 4389 uitari
777 4325 849 4400 isto,
872 4341 932 4391 noc
955 4335 1057 4392 autom
1100 4343 1144 4390 ne
1163 4330 1392 4406 promissiones
1413 4331 1491 4394 illae
1512 4331 1599 4395 eniti
1652 4343 1703 4393 res
1721 4333 1960 4392 matranensi
1982 4326 2023 4383 ll

198 4405 237 4472 ad
252 4406 357 4484 atara,
373 4409 410 4471 ad
431 4407 667 4490 significandum
686 4414 841 4472 secretum
861 4407 937 4473 iliud
957 4411 1058 4474 coele·
1101 4409 1266 4489 sint,quae
1278 4412 1444 4477 accedatis
1458 4412 1552 4478 nabis
1567 4345 1720 4494 offensis
1732 4411 1957 4488 mutar,

199 4495 258 4561 sle,
275 4505 336 4567 quo
351 4505 413 4554 non
428 4489 636 4568 solum'oculi,
652 4490 709 4555 sed
723 4506 783 4557 nec
796 4495 916 4556 mentes
936 4496 1058 4570 nostras
1102 4493 1196 4572 loma
1210 4498 1320 4558 tanen
1332 4497 1504 4582 inscriptos
1527 4499 1734 4559 aasumensi
1755 4493 1890 4556 veniale
1903 4507 1959 4574 op·

198 4577 361 4654 penetrare
381 4579 523 4652 possunt.
551 4575 626 4652 Quis
650 4573 732 4638 enim
756 4573 876 4654 capiat,
904 4576 1057 4655 quemme
1099 4575 1292 4658 pollutiones
1313 4578 1442 4644 lrabeat.
1468 4577 1582 4643 ieram
1602 4579 1691 4642 enlm
1712 4573 1855 4657 prosecta
1875 4573 1959 4639 illud

203 4657 326 4718 animae
356 4657 419 4719 sint
447 4663 517 4720 ante
546 4655 670 4734 Deum,
706 4655 798 4736 eique
818 4655 999 4722 ministrent
1025 4659 1056 4722 in
1102 4659 1362 4726 emistimndum
1381 4661 1546 4744 eloquiam
1566 4667 1625 4727 est·
1640 4660 1729 4745 qnod
1759 4657 1872 4722 omiss
1889 4671 1959 4722 non

207 4737 314 4802 coelo?
1100 4741 1194 4822 cidit.
1215 4743 1308 4808 curn
1341 4759 1410 4809 non
1430 4745 1579 4821 audiuit,
1602 4745 1642 4810 in
1661 4758 1717 4808 cor
1737 4740 1877 4805 nominis
1890 4755 1959 4804 scon

240 4819 339 4884 Tertia
355 4825 404 4883 est
417 4821 567 4894 dnselmi,
583 4819 637 4902 qui
650 4820 752 4896 docet,
778 4835 834 4900 per
853 4821 947 4884 altare
966 4821 1057 4887 iutel-
1101 4825 1329 4898 ascenderunt.
1352 4843 1438 4908 quae
1457 4825 1680 4910 praeparauit,
1697 4823 1781 4888 uena
1796 4822 1958 4902 diliqeati-

199 4902 252 4982 liqi
268 4902 434 4968 christum.
451 4903 607 4968 Sacriiiaia
622 4903 705 4966 enirn
719 4905 972 4979 sanctorumsiro
992 4907 1057 4970 lau·
1103 4906 1162 4972 due
1181 4923 1215 4970 se
1235 4915 1294 4972 ele.
1316 4907 1353 4971 lt
1368 4916 1451 4973 certe
1465 4909 1522 4973 ista
1539 4925 1599 4972 non
1613 4906 1813 4978 conveniunt,
1835 4905 1894 4967 nisi
1910 4920 1958 4968 es·

201 4983 250 5047 dis
264 4985 329 5050 sire
343 4987 591 5064 oetlcnunpcn
606 4985 729 5066 placent
742 4985 806 5050 uec
821 4983 880 5052 nisi
895 5001 988 5066 super
998 4989 1058 5054 hoo
1104 4991 1226 5054 senliall
1236 4991 1428 5068 beatitudini,
1445 5005 1523 5075 quae
1537 4994 1602 5056 sola
1617 4996 1744 5067 superat
1759 4995 1861 5052 nostra
1876 4989 1956 5050 desi·
2019 5009 2029 5076 q

203 5065 288 5130 altari
310 5075 472 5147 ponantur,
495 5067 586 5145 idest,
609 5083 664 5148 per
689 5066 840 5131 christum
866 5068 1058 5136 offerrentur.
1104 5074 1201 5138 deria.
1394 5079 1395 5090 ¹

200 5147 349 5214 Dicuntur
363 5159 463 5216 aulem
476 5151 595 5214 animae
610 5151 670 5214 sub
684 5149 803 5216 Christo
818 5167 972 5226 essenon
987 5153 1057 5233 quio
1144 5155 1265 5221 'l'crtius
1286 5155 1326 5220 sil
1345 5155 1497 5232 lustinus,
1515 5157 1566 5237 qui
1582 5162 1700 5238 quaest.
1717 5153 1768 5218 ii.
1784 5171 1800 5216 a
1814 5153 1957 5234 gentibus

201 5229 339 5296 Christus
353 5233 393 5296 sil
409 5235 471 5298 illis
487 5235 574 5316 quasi
588 5234 690 5316 paries
705 5235 901 5304 adumbrans,
917 5241 947 5302 et
962 5237 1058 5314 impe·
1104 5241 1200 5313 posita
1217 5238 1413 5320 (quamquam
1429 5241 1506 5304 istae
1520 5240 1718 5320 quaestiones
1731 5252 1791 5299 nou
1813 5236 1956 5298 videnlur

201 5313 302 5390 diens,
320 5332 381 5396 quo
396 5318 498 5381 minus
512 5318 608 5381 Deum
628 5317 762 5394 rideant,
779 5324 813 5380 ut
827 5317 858 5380 b.
884 5317 1057 5382 Bernardus
1102 5318 1223 5396 insilui,
1237 5323 1292 5384 sod
1308 5322 1440 5403 alicujus
1462 5323 1667 5400 recentiorislt
1690 5325 1736 5393 rit,
1753 5319 1864 5398 inquit,
1888 5327 1958 5396 poet

199 5395 320 5459 ridetur
333 5399 524 5478 exposuisse,
541 5403 596 5464 sed
612 5399 669 5462 sub
686 5399 805 5464 christo
820 5416 890 5464 esse
902 5401 1055 5480 dicuntur,
1103 5405 1209 5468 animi
1222 5421 1243 5467 a
1257 5418 1388 5484 corpore
1410 5421 1577 5469 eoncessum
1601 5407 1709 5469 statim
1721 5405 1763 5467 sil
1787 5402 1954 5472 bonomia,

200 5477 271 5556 quia
286 5480 338 5542 iilo
353 5479 514 5545 interiores
529 5485 682 5547 suntiono
711 5491 741 5546 et
756 5483 1056 5564 dignitate3quiasul)
1101 5485 1954 5569 malorumqnedisllnotio:decantarenilncdloea,
2028 5559 2029 5566 ἵ

199 5560 311 5625 Christi
333 5562 502 5644 patrocinio
530 5573 561 5627 et
582 5569 774 5646 protectione
793 5565 943 5646 vicerunt,
960 5571 991 5631 et
1008 5567 1055 5633 illi
1101 5585 1186 5652 quaro
1201 5571 1246 5633 eis
1261 5571 1364 5652 dipna
1386 5579 1473 5641 etnct,
1488 5569 1529 5634 ai
1552 5572 1687 5649 nnqelis,
1714 5569 1872 5632 bononem
1885 5569 1954 5646 qoi-
2028 5567 2029 5606 ³

198 5644 477 5727 recerunraccepn
492 5662 547 5710 sua
563 5649 708 5727 praemio·
1101 5653 1563 5734 nonantulanae-aucam,
1578 5651 1955 5726 aucmentandum
