4078 6310
638 1161 640 1168 ¹
691 1080 863 1288 arcun
888 1149 1143 1237 saturnus

397 1415 582 1680 uu
655 1504 1474 1686 uounuurs

840 2007 955 2018 ...-—-

782 2589 1012 2662 PRAEFATIO

74 2897 285 2963 Disseruimos
300 2899 379 2963 libro
394 2898 554 2979 superiora
569 2897 608 2963 de
623 2897 778 2979 episcopis
793 2903 823 2961 et
837 2898 899 2960 cle·
945 2895 1156 2962 laudamentis
1181 2903 1327 2963 evertant.
1346 2898 1525 2981 lntelligunt
1546 2899 1647 2976 enim,
1663 2898 1689 2962 si
1704 2903 1809 2964 contra

35 3015 116 3090 riuis,
134 3016 228 3090 idest,
242 3017 281 3079 de
297 3016 393 3096 prima
406 3022 437 3080 et
452 3015 642 3080 nobilissima
663 3021 748 3095 parte
763 3014 901 3094 corporis
945 3015 1113 3076 moncellos
1137 3029 1278 3078 caussam
1300 3015 1498 3092 obtinuerint,
1526 3017 1617 3092 idest,
1645 3015 1672 3078 si
1695 3016 1808 3096 populo

34 3131 251 3195 ecclesiastici.
267 3133 458 3213 Sequitur,ut
472 3133 511 3196 do
526 3133 620 3196 altera
632 3139 718 3212 parte
729 3131 899 3207 Ecclesiae,
946 3127 1117 3192 Christiano
1131 3132 1350 3209 persuaserim,
1367 3147 1430 3194 non
1451 3130 1603 3196 aClrristo
1628 3131 1781 3195 institutos
1800 3173 1808 3204 ,

32 3248 89 3310 boe
104 3257 164 3322 est,
180 3249 221 3312 de
234 3247 274 3312 iis
289 3249 467 3312 bominibus
481 3248 680 3326 disseramus,
697 3249 750 3329 qui
771 3266 899 3330 orange·
945 3246 1029 3311 seda
1045 3247 1124 3310 rnalo
1139 3248 1289 3312 daemone
1304 3248 1490 3328 excogitatos
1505 3248 1632 3312 ordines
1647 3248 1806 3328 religioso·

33 3363 92 3426 lica
106 3345 220 3428 Girristi
237 3366 358 3446 sequuti
371 3366 512 3440 consilia,
535 3365 615 3428 ritae
629 3379 728 3446 genus
744 3365 900 3443 arctioris,
945 3379 1011 3425 rum
1025 3363 1122 3428 luisse
1139 3411 1147 3439 ,
1164 3379 1199 3427 se
1220 3363 1366 3428 continuo
1382 3365 1412 3426 id
1425 3363 1599 3440 effecturos,
1616 3371 1649 3427 ut
1663 3365 1806 3428 universa

33 3497 67 3542 ac
83 3481 277 3546 sublimioris
294 3481 466 3558 instituunt,
483 3499 574 3561 quam
590 3489 641 3545 aul
661 3483 711 3546 lex
725 3482 837 3559 divina,
853 3481 902 3545 rel
945 3481 1177 3561 Ecclesia‚quae
1190 3499 1250 3544 una
1263 3496 1336 3545 voco
1352 3485 1548 3544 etcouseusu
1563 3486 1613 3544 -tat
1622 3480 1688 3562 jam
1701 3496 1807 3546 saecu·

31 3594 168 3658 bumana
185 3597 541 3676 praescribat,autetiam
551 3591 716 3660 muliorum
730 3597 900 3660 mortalium
944 3599 984 3661 lis
999 3597 1189 3660 monasticen
1204 3597 1393 3678 approbarit,
1410 3611 1486 3659 rano
1501 3611 1602 3659 errore
1618 3595 1736 3671 delusa,
1752 3611 1808 3675 pro

30 3711 194 3775 infirmitas
207 3714 347 3792 pratiatur.
362 3714 405 3776 lte
418 3705 479 3793 uuo
495 3714 652 3777 bominum
667 3711 781 3794 genere
796 3716 902 3794 dispu-
946 3713 1066 3776 cbristo
1080 3711 1299 3774 Antichristum
1312 3711 1446 3774 coluisse
1458 3717 1489 3773 et
1503 3727 1520 3773 a
1535 3717 1636 3801 rectae
1651 3708 1736 3786 iidei,
1755 3725 1807 3773 re·

30 3828 180 3889 tationem
197 3827 351 3908 ingrediar
379 3830 405 3892 si
428 3845 523 3909 pauca
534 3831 621 3911 prius
635 3833 674 3894 de
688 3831 782 3912 bajus
804 3831 901 3910 ipsios
946 3847 1058 3907 raeque
1074 3827 1229 3890 doctrinae
1242 3827 1359 3890 tramite
1374 3843 1464 3908 quarn
1477 3827 1657 3908 longissime
1668 3825 1807 3890 aberras·

31 3943 252 4021 disputationis
273 3945 427 4022 utilitate,
451 3946 499 4008 rel
514 3947 615 4026 potius
644 3950 840 4022 necessitate,
856 3947 901 4009 di·
945 3961 980 4008 se
996 3945 1153 4008 rideatur,
1183 4009 1185 4017 ,

29 4073 120 4120 nero.
983 4063 1089 4141 benuo
1106 4076 1175 4123 roro
1191 4075 1302 4122 norum
1316 4058 1677 4122 estboclraeraticorum
1701 4058 1805 4120 adrer-

70 4174 263 4255 Quamquam
279 4177 362 4239 euim
388 4179 556 4242 monastica
571 4179 648 4242 ritae
674 4165 822 4255 instituta,
839 4197 899 4244 non
945 4194 1000 4242 sus
1014 4177 1186 4242 monachos
1199 4176 1328 4250 bellum,
1344 4189 1446 4253 neque
1461 4187 1569 4235 recens
1585 4173 1657 4234 mali
1679 4171 1805 4234 daemo-

28 4291 66 4352 ad
85 4307 199 4354 omnes
214 4291 404 4356 Christianus
418 4297 574 4374 pertinent
589 4341 598 4371 ,
628 4295 769 4360 delensio
798 4303 898 4360 tamen
944 4299 994 4362 nis
1009 4294 1241 4372 artibciumper
1256 4288 1440 4354 monasticae
1455 4291 1533 4352 ritae
1545 4287 1805 4368 oppugnationem

28 4417 92 4470 tam
109 4416 280 4488 magnaect
294 4415 354 4472 tarn
366 4413 545 4475 excellentis
559 4414 653 4492 partis
665 4414 834 4478 catholicas
847 4433 899 4478 no·
944 4411 1114 4474 Ecclesiam
1131 4410 1302 4480 universam
1318 4414 1435 4486 petere.
1452 4405 1537 4468 Sicut
1559 4407 1642 4467 onim
1657 4393 1807 4484 quotquot

30 4527 116 4583 strae
132 4521 304 4598 Ecclesiae,
325 4525 362 4588 ad
379 4543 433 4588 eos
455 4542 563 4589 ornnes
582 4529 785 4594 communiter
808 4534 900 4610 perti·
944 4532 1065 4594 luerunt
1080 4542 1215 4605 urrunnun
1228 4527 1269 4606 pit
1292 4527 1459 4604 scriptores
1477 4569 1485 4599 ,
1504 4505 1566 4585 tum
1595 4521 1802 4594 sermonibus,

25 4645 92 4711 net,
112 4639 167 4718 qui
182 4639 378 4703 obristiauarn
394 4645 613 4723 rempublicam
630 4647 745 4708 sairam
759 4647 898 4727 cupiunt·
943 4654 1007 4711 turn
1023 4647 1147 4724 scriptis
1162 4644 1267 4718 libris,
1298 4643 1357 4705 boc
1372 4656 1471 4722 genus
1499 4639 1576 4702 ritae
1601 4637 1745 4702 laudibus
1771 4639 1803 4700 in

23 4753 184 4816 liueretioi
201 4756 283 4818 enirn
300 4759 372 4819 darn
389 4759 467 4822 irauc
483 4769 597 4852 partem
609 4769 726 4841 petunt,
741 4781 775 4826 ac
788 4773 819 4827 ut
835 4779 898 4828 rno-
943 4765 1063 4828 coelum
1076 4761 1183 4825 tollere
1196 4759 1296 4822 conati
1312 4764 1395 4834 sunt,
1409 4757 1456 4820 sio
1471 4755 1546 4818 nulli
1571 4755 1634 4818 iero
1646 4769 1803 4833 nunquam

25 4872 173 4934 nasticen
190 4873 374 4952 vituperent.
390 4883 564 4956 portentoso
581 4882 739 4944 mendacia
760 4885 896 4964 quotidie
943 4879 1089 4944 baeretici
1107 4877 1310 4949 existiterunt,
1327 4873 1379 4955 qui
1394 4875 1442 4937 rel
1457 4887 1568 4936 noman
1585 4869 1803 4932 monachorum

26 4989 65 5050 da
85 4991 252 5054 monacbis
267 4992 386 5072 iungunt
400 5001 430 5055 et
444 5011 636 5076 quacumque
652 4999 751 5062 oblata
763 5001 897 5064 occasio·
942 4997 1093 5077 patienter
1107 4994 1212 5058 audire
1225 4992 1390 5073 potuerint:
1410 4987 1547 5066 chouc
1559 5002 1613 5050 uos
1629 4984 1755 5064 (inquit,¹
1767 4985 1800 5046 b.

27 5118 69 5166 oe
87 5106 121 5166 in
140 5107 309 5171 monachus
322 5108 526 5184 inuehuntur,
543 5121 634 5191 atque
654 5115 718 5178 ‘eos'
737 5116 767 5178 in
793 5117 896 5180 odium
943 5115 1135 5196 Augustinus
1149 5113 1181 5174 in
1195 5113 1307 5191 psalm.
1332 5108 1401 5172 lte.
1418 5109 1431 5188 )
1451 5109 1537 5170 reete
1564 5103 1735 5167 laueretict‘s
1760 5104 1802 5166 de

24 5222 115 5298 rrrlgi
130 5224 255 5300 rapiunt
269 5230 299 5285 et
310 5227 472 5303 primarios
486 5227 663 5294 Anticlrristi
681 5235 830 5300 satellites
845 5253 895 5300 ro·
948 5227 1267 5298 Circumcelliooc'btts
1286 5225 1446 5291 tusutturc
1460 5222 1627 5302 coeperitis
1644 5267 1652 5296 ,
1678 5225 1716 5282 ut
1730 5235 1802 5282 eru·

23 5343 107 5410 aaut,
127 5353 195 5398 nou
209 5353 247 5400 eo
264 5347 347 5402 carte
363 5348 564 5420 spectarunt
585 5347 710 5412 ordines
725 5352 824 5414 solum
840 5353 894 5416 bo·
943 5351 1098 5414 bossetulo
1112 5353 1284 5412 secentur:
1294 5343 1347 5406 tttt
1357 5341 1445 5404 uobis
1458 5339 1618 5404 immitunt
1632 5335 1673 5402 de
1686 5351 1800 5400 nocuu-

23 5453 146 5512 nrinum
161 5452 377 5534 religiosorum
393 5459 562 5538 disjiciunt,
590 5469 841 5550 monasticenque
856 5473 894 5535 de
941 5467 1020 5530 citis.
1035 5463 1156 5538 Primo,
1169 5463 1199 5526 si
1209 5456 1522 5539 courporondc'sttot,
1533 5469 1588 5519 uos
1598 5450 1799 5532 videtequid

23 5570 127 5630 merliu
147 5571 266 5644 tollant,
283 5573 338 5635 sed
354 5573 567 5640 utiloolesiam
586 5587 675 5646 totam
699 5585 755 5649 bac
779 5591 894 5657 ratione
944 5577 1260 5665 opuscst,utuerbis
1284 5561 1402 5642 orostrae
1427 5577 1656 5652 comparentur
1681 5565 1798 5630 ebriosi

23 5685 221 5762 perturbent,
244 5705 280 5751 ac
305 5690 447 5772 laedant,
470 5713 599 5780 eamque
614 5701 653 5784 (si
671 5703 734 5768 lieri
751 5709 862 5790 possit)
877 5728 893 5774 a
939 5691 1149 5779 comsubriis,
1162 5698 1354 5783 praecipites
1366 5689 1673 5760 comemmorans,
1685 5685 1794 5762 suren·
